<?xml version="1.0" encoding="UTF-8"?>
<!DOCTYPE html PUBLIC "-//W3C//DTD XHTML 1.0 Transitional//EN"
    "http://www.w3.org/TR/xhtml1/DTD/xhtml1-transitional.dtd">
<html xmlns="http://www.w3.org/1999/xhtml" xml:lang="en" lang="en">
 <head>
  <title>
</title>
<meta http-equiv="Content-Type" content="text/html;charset=utf-8" />
  <meta name='ocr-system' content='tesseract 3.04.00' />
  <meta name='ocr-capabilities' content='ocr_page ocr_carea ocr_par ocr_line ocrx_word'/>
</head>
<body>
  <div class='ocr_page' id='page_1' title='image "./repertoriumflora00deno_0314.png"; bbox 0 0 2259 3036; ppageno 0'>
   <div class='ocr_carea' id='block_1_1' title="bbox 470 169 1550 203">
    <p class='ocr_par' dir='ltr' id='par_1_1' title="bbox 470 169 1550 203">
     <span class='ocr_line' id='line_1_1' title="bbox 470 169 1550 203; baseline -0.006 -1"><span class='ocrx_word' id='word_1_1' title='bbox 470 169 489 202; x_wconf 79' lang='lat'>3</span> <span class='ocrx_word' id='word_1_2' title='bbox 498 170 544 203; x_wconf 84' lang='lat'><strong>08</strong></span> <span class='ocrx_word' id='word_1_3' title='bbox 906 175 1151 199; x_wconf 70' lang='lat' dir='ltr'>REPERTORHJM</span> <span class='ocrx_word' id='word_1_4' title='bbox 1179 174 1309 198; x_wconf 77' lang='lat' dir='ltr'>FLORAE</span> <span class='ocrx_word' id='word_1_5' title='bbox 1337 174 1550 198; x_wconf 79' lang='lat' dir='ltr'><strong>LIGUSTICAE</strong></span> 
     </span>
    </p>
   </div>
   <div class='ocr_carea' id='block_1_2' title="bbox 469 234 1986 475">
    <p class='ocr_par' dir='ltr' id='par_1_2' title="bbox 469 234 1986 475">
     <span class='ocr_line' id='line_1_2' title="bbox 520 234 1983 290; baseline -0.006 -12"><span class='ocrx_word' id='word_1_6' title='bbox 520 242 648 278; x_wconf 84' lang='lat' dir='ltr'>Planta</span> <span class='ocrx_word' id='word_1_7' title='bbox 682 238 938 290; x_wconf 87' lang='lat' dir='ltr'><strong>Lapeyrousii‚</strong></span> <span class='ocrx_word' id='word_1_8' title='bbox 972 252 1014 274; x_wconf 83' lang='lat' dir='ltr'><strong>ex</strong></span> <span class='ocrx_word' id='word_1_9' title='bbox 1043 238 1286 287; x_wconf 81' lang='lat' dir='ltr'><strong>descriptione</strong></span> <span class='ocrx_word' id='word_1_10' title='bbox 1315 237 1360 272; x_wconf 87' lang='lat' dir='ltr'><strong>ab</strong></span> <span class='ocrx_word' id='word_1_11' title='bbox 1381 236 1507 272; x_wconf 88' lang='lat' dir='ltr'><strong>eodem</strong></span> <span class='ocrx_word' id='word_1_12' title='bbox 1528 235 1612 271; x_wconf 85' lang='lat' dir='ltr'><strong>data</strong></span> <span class='ocrx_word' id='word_1_13' title='bbox 1631 236 1646 284; x_wconf 82' lang='lat'>(</span> <span class='ocrx_word' id='word_1_14' title='bbox 1662 234 1790 284; x_wconf 80' lang='lat' dir='ltr'><strong>Abrcg.</strong></span> <span class='ocrx_word' id='word_1_15' title='bbox 1810 236 1927 285; x_wconf 81' lang='lat' dir='ltr'>suppl.</span> <span class='ocrx_word' id='word_1_16' title='bbox 1950 250 1983 285; x_wconf 82' lang='lat' dir='ltr'><strong>p.</strong></span> 
     </span>
     <span class='ocr_line' id='line_1_3' title="bbox 469 298 1983 354; baseline -0.007 -13"><span class='ocrx_word' id='word_1_17' title='bbox 469 308 514 354; x_wconf 82' lang='grc'><strong>87</strong></span> <span class='ocrx_word' id='word_1_18' title='bbox 533 305 547 352; x_wconf 87' lang='grc'>)</span> <span class='ocrx_word' id='word_1_19' title='bbox 564 304 748 352; x_wconf 80' lang='lat' dir='ltr'>discrepat</span> <span class='ocrx_word' id='word_1_20' title='bbox 768 302 933 351; x_wconf 86' lang='lat' dir='ltr'><strong>pluribus</strong></span> <span class='ocrx_word' id='word_1_21' title='bbox 954 302 1143 337; x_wconf 87' lang='lat' dir='ltr'><strong>momentis</strong></span> <span class='ocrx_word' id='word_1_22' title='bbox 1163 315 1181 335; x_wconf 86' lang='lat' dir='ltr'><strong>a</strong></span> <span class='ocrx_word' id='word_1_23' title='bbox 1201 308 1341 344; x_wconf 85' lang='lat' dir='ltr'><strong>nostra,</strong></span> <span class='ocrx_word' id='word_1_24' title='bbox 1360 313 1392 334; x_wconf 91' lang='lat' dir='ltr'><strong>v.</strong></span> <span class='ocrx_word' id='word_1_25' title='bbox 1412 312 1464 348; x_wconf 78' lang='lat' dir='ltr'><strong>gr.</strong></span> <span class='ocrx_word' id='word_1_26' title='bbox 1481 298 1577 334; x_wconf 86' lang='lat' dir='ltr'><strong>labio</strong></span> <span class='ocrx_word' id='word_1_27' title='bbox 1606 298 1793 347; x_wconf 80' lang='lat' dir='ltr'>superiore</span> <span class='ocrx_word' id='word_1_28' title='bbox 1820 298 1960 346; x_wconf 77' lang='lat' dir='ltr'><strong>integro</strong></span> <span class='ocrx_word' id='word_1_29' title='bbox 1975 325 1983 340; x_wconf 86' lang='lat'><em>‚</em></span> 
     </span>
     <span class='ocr_line' id='line_1_4' title="bbox 470 359 1986 412; baseline -0.006 -10"><span class='ocrx_word' id='word_1_30' title='bbox 470 367 625 403; x_wconf 80' lang='lat' dir='ltr'>bracteis</span> <span class='ocrx_word' id='word_1_31' title='bbox 647 366 800 401; x_wconf 86' lang='lat' dir='ltr'><strong>setaceis</strong></span> <span class='ocrx_word' id='word_1_32' title='bbox 820 373 888 400; x_wconf 84' lang='lat' dir='ltr'><strong>etc.</strong></span> <span class='ocrx_word' id='word_1_33' title='bbox 907 365 1108 399; x_wconf 84' lang='lat' dir='ltr'>—Pariter</span> <span class='ocrx_word' id='word_1_34' title='bbox 1127 363 1249 412; x_wconf 85' lang='lat' dir='ltr'><strong>planta</strong></span> <span class='ocrx_word' id='word_1_35' title='bbox 1264 376 1283 397; x_wconf 85' lang='lat' dir='ltr'><strong>a</strong></span> <span class='ocrx_word' id='word_1_36' title='bbox 1300 363 1448 397; x_wconf 73' lang='lat' dir='ltr'><strong>Rmcnss.</strong></span> <span class='ocrx_word' id='word_1_37' title='bbox 1472 361 1508 396; x_wconf 88' lang='lat' dir='ltr'><strong>in</strong></span> <span class='ocrx_word' id='word_1_38' title='bbox 1531 361 1577 410; x_wconf 86' lang='lat' dir='ltr'><strong>pl.</strong></span> <span class='ocrx_word' id='word_1_39' title='bbox 1596 361 1672 395; x_wconf 90' lang='lat' dir='ltr'><strong>erit.</strong></span> <span class='ocrx_word' id='word_1_40' title='bbox 1691 359 1835 410; x_wconf 87' lang='lat' dir='ltr'><strong>depicta</strong></span> <span class='ocrx_word' id='word_1_41' title='bbox 1850 359 1986 395; x_wconf 77' lang='lat' dir='ltr'><strong>recedit</strong></span> 
     </span>
     <span class='ocr_line' id='line_1_5' title="bbox 470 423 1560 475; baseline -0.006 -10"><span class='ocrx_word' id='word_1_42' title='bbox 470 444 489 464; x_wconf 86' lang='lat' dir='ltr'><strong>a</strong></span> <span class='ocrx_word' id='word_1_43' title='bbox 515 437 640 465; x_wconf 87' lang='lat' dir='ltr'><strong>nostra</strong></span> <span class='ocrx_word' id='word_1_44' title='bbox 658 428 755 464; x_wconf 88' lang='lat' dir='ltr'><strong>venis</strong></span> <span class='ocrx_word' id='word_1_45' title='bbox 773 427 926 463; x_wconf 87' lang='lat' dir='ltr'><strong>corollae</strong></span> <span class='ocrx_word' id='word_1_46' title='bbox 947 426 1060 462; x_wconf 85' lang='lat' dir='ltr'><strong>fundo</strong></span> <span class='ocrx_word' id='word_1_47' title='bbox 1079 438 1228 475; x_wconf 88' lang='lat' dir='ltr'><strong>prorsus</strong></span> <span class='ocrx_word' id='word_1_48' title='bbox 1248 424 1350 460; x_wconf 82' lang='lat' dir='ltr'><strong>albae</strong></span> <span class='ocrx_word' id='word_1_49' title='bbox 1372 423 1560 459; x_wconf 88' lang='lat' dir='ltr'><strong>coeruleis.</strong></span> 
     </span>
    </p>
   </div>
   <div class='ocr_carea' id='block_1_3' title="bbox 470 510 1986 676">
    <p class='ocr_par' dir='ltr' id='par_1_3' title="bbox 470 510 1986 676">
     <span class='ocr_line' id='line_1_6' title="bbox 470 510 1986 559; baseline -0.005 -7"><span class='ocrx_word' id='word_1_50' title='bbox 470 515 581 552; x_wconf 79' lang='lat'><strong>1575.</strong></span> <span class='ocrx_word' id='word_1_51' title='bbox 611 518 849 552; x_wconf 85' lang='lat' dir='ltr'><strong>Orobanehe</strong></span> <span class='ocrx_word' id='word_1_52' title='bbox 868 516 1046 551; x_wconf 84' lang='lat' dir='ltr'><strong>Hcderae</strong></span> <span class='ocrx_word' id='word_1_53' title='bbox 1066 515 1193 547; x_wconf 79' lang='lat' dir='ltr'>VAUCH</span> <span class='ocrx_word' id='word_1_54' title='bbox 1216 534 1260 538; x_wconf 92' lang='lat'><strong>—</strong></span> <span class='ocrx_word' id='word_1_55' title='bbox 1279 512 1376 546; x_wconf 72' lang='lat' dir='ltr'><strong>Dum</strong></span> <span class='ocrx_word' id='word_1_56' title='bbox 1398 512 1474 545; x_wconf 79' lang='lat' dir='ltr'><strong>Bot.</strong></span> <span class='ocrx_word' id='word_1_57' title='bbox 1492 510 1571 559; x_wconf 75' lang='lat' dir='ltr'><strong>gall.</strong></span> <span class='ocrx_word' id='word_1_58' title='bbox 1593 523 1626 558; x_wconf 85' lang='lat' dir='ltr'><strong>p.</strong></span> <span class='ocrx_word' id='word_1_59' title='bbox 1649 510 1733 545; x_wconf 84' lang='lat'><strong>350.</strong></span> <span class='ocrx_word' id='word_1_60' title='bbox 1758 531 1805 536; x_wconf 89' lang='lat'><strong>—-</strong></span> <span class='ocrx_word' id='word_1_61' title='bbox 1824 511 1866 544; x_wconf 93' lang='lat' dir='ltr'><strong>O.</strong></span> <span class='ocrx_word' id='word_1_62' title='bbox 1890 512 1986 545; x_wconf 76' lang='lat' dir='ltr'><strong>har-</strong></span> 
     </span>
     <span class='ocr_line' id='line_1_7' title="bbox 520 577 1157 626; baseline -0.009 -11"><span class='ocrx_word' id='word_1_63' title='bbox 520 581 612 615; x_wconf 80' lang='lat' dir='ltr'><strong>bata</strong></span> <span class='ocrx_word' id='word_1_64' title='bbox 631 579 778 613; x_wconf 65' lang='lat' dir='ltr'><strong>Reman.</strong></span> <span class='ocrx_word' id='word_1_65' title='bbox 796 578 850 612; x_wconf 90' lang='lat' dir='ltr'><strong>Fl.</strong></span> <span class='ocrx_word' id='word_1_66' title='bbox 867 589 1003 613; x_wconf 80' lang='lat' dir='ltr'><strong>excurs.</strong></span> <span class='ocrx_word' id='word_1_67' title='bbox 1020 591 1053 626; x_wconf 84' lang='lat' dir='ltr'><strong>p.</strong></span> <span class='ocrx_word' id='word_1_68' title='bbox 1072 577 1157 612; x_wconf 80' lang='lat'><strong>353.</strong></span> 
     </span>
     <span class='ocr_line' id='line_1_8' title="bbox 470 639 1157 676; baseline -0.006 0"><span class='ocrx_word' id='word_1_69' title='bbox 470 642 519 676; x_wconf 88' lang='lat' dir='ltr'><strong>Ic.</strong></span> <span class='ocrx_word' id='word_1_70' title='bbox 550 641 695 676; x_wconf 75' lang='lat' dir='ltr'><strong>Rmcflss.</strong></span> <span class='ocrx_word' id='word_1_71' title='bbox 712 640 765 675; x_wconf 91' lang='lat' dir='ltr'><strong>Pl.</strong></span> <span class='ocrx_word' id='word_1_72' title='bbox 784 641 862 675; x_wconf 86' lang='lat' dir='ltr'><strong>crit.</strong></span> <span class='ocrx_word' id='word_1_73' title='bbox 880 639 952 674; x_wconf 88' lang='lat' dir='ltr'><strong>tab.</strong></span> <span class='ocrx_word' id='word_1_74' title='bbox 970 641 1053 675; x_wconf 83' lang='lat'><strong>881.</strong></span> <span class='ocrx_word' id='word_1_75' title='bbox 1072 640 1157 674; x_wconf 80' lang='lat'><strong>882.</strong></span> 
     </span>
    </p>
   </div>
   <div class='ocr_carea' id='block_1_4' title="bbox 523 699 1295 750">
    <p class='ocr_par' dir='ltr' id='par_1_4' title="bbox 523 699 1295 750">
     <span class='ocr_line' id='line_1_9' title="bbox 523 699 1295 750; baseline -0.005 -12"><span class='ocrx_word' id='word_1_76' title='bbox 523 703 578 738; x_wconf 89' lang='lat' dir='ltr'><strong>Ad</strong></span> <span class='ocrx_word' id='word_1_77' title='bbox 596 703 738 738; x_wconf 81' lang='lat' dir='ltr'><strong>radices</strong></span> <span class='ocrx_word' id='word_1_78' title='bbox 759 701 923 738; x_wconf 86' lang='lat' dir='ltr'><strong>Hederae</strong></span> <span class='ocrx_word' id='word_1_79' title='bbox 945 701 1079 736; x_wconf 88' lang='lat' dir='ltr'><strong>Helicis</strong></span> <span class='ocrx_word' id='word_1_80' title='bbox 1101 701 1243 750; x_wconf 87' lang='lat' dir='ltr'><strong>passim.</strong></span> <span class='ocrx_word' id='word_1_81' title='bbox 1260 699 1295 749; x_wconf 59' lang='lat' dir='ltr'><strong>7j3</strong></span> 
     </span>
    </p>
   </div>
   <div class='ocr_carea' id='block_1_5' title="bbox 474 785 1987 1027">
    <p class='ocr_par' dir='ltr' id='par_1_5' title="bbox 476 785 1742 834">
     <span class='ocr_line' id='line_1_10' title="bbox 476 785 1742 834; baseline -0.006 -8"><span class='ocrx_word' id='word_1_82' title='bbox 476 790 585 826; x_wconf 80' lang='lat'><strong>1576.</strong></span> <span class='ocrx_word' id='word_1_83' title='bbox 616 792 854 826; x_wconf 79' lang='lat' dir='ltr'><strong>Orobanche</strong></span> <span class='ocrx_word' id='word_1_84' title='bbox 874 791 1012 825; x_wconf 84' lang='lat' dir='ltr'><strong>minor</strong></span> <span class='ocrx_word' id='word_1_85' title='bbox 1030 788 1137 822; x_wconf 88' lang='lat' dir='ltr'><strong>SUTT.</strong></span> <span class='ocrx_word' id='word_1_86' title='bbox 1154 807 1198 813; x_wconf 90' lang='lat'><strong>——</strong></span> <span class='ocrx_word' id='word_1_87' title='bbox 1218 788 1363 821; x_wconf 65' lang='lat' dir='ltr'><strong>Reman.</strong></span> <span class='ocrx_word' id='word_1_88' title='bbox 1379 785 1432 820; x_wconf 90' lang='lat' dir='ltr'><strong>Fl.</strong></span> <span class='ocrx_word' id='word_1_89' title='bbox 1450 798 1588 820; x_wconf 78' lang='lat' dir='ltr'><strong>excurs.</strong></span> <span class='ocrx_word' id='word_1_90' title='bbox 1607 799 1640 834; x_wconf 78' lang='lat' dir='ltr'><strong>p.</strong></span> <span class='ocrx_word' id='word_1_91' title='bbox 1659 785 1742 820; x_wconf 83' lang='lat'><strong>353.</strong></span> 
     </span>
    </p>

    <p class='ocr_par' dir='ltr' id='par_1_6' title="bbox 474 850 1987 1027">
     <span class='ocr_line' id='line_1_11' title="bbox 474 850 1347 900; baseline -0.007 -12"><span class='ocrx_word' id='word_1_92' title='bbox 474 856 522 889; x_wconf 87' lang='lat' dir='ltr'><strong>Ic.</strong></span> <span class='ocrx_word' id='word_1_93' title='bbox 553 855 700 888; x_wconf 73' lang='lat' dir='ltr'><strong>Rmcnn.</strong></span> <span class='ocrx_word' id='word_1_94' title='bbox 717 853 864 888; x_wconf 85' lang='lat' dir='ltr'><strong>Pl.&#39;erit.</strong></span> <span class='ocrx_word' id='word_1_95' title='bbox 882 851 941 900; x_wconf 79' lang='lat' dir='ltr'><strong>fig.</strong></span> <span class='ocrx_word' id='word_1_96' title='bbox 958 850 1042 900; x_wconf 82' lang='lat'><strong>876.</strong></span> <span class='ocrx_word' id='word_1_97' title='bbox 1060 852 1144 899; x_wconf 83' lang='lat'><strong>877.</strong></span> <span class='ocrx_word' id='word_1_98' title='bbox 1162 851 1245 898; x_wconf 78' lang='lat'><strong>879.</strong></span> <span class='ocrx_word' id='word_1_99' title='bbox 1263 850 1347 884; x_wconf 76' lang='lat'><strong>880.</strong></span> 
     </span>
     <span class='ocr_line' id='line_1_12' title="bbox 524 909 1987 959; baseline -0.005 -8"><span class='ocrx_word' id='word_1_100' title='bbox 524 918 566 951; x_wconf 88' lang='lat' dir='ltr'><strong>In</strong></span> <span class='ocrx_word' id='word_1_101' title='bbox 586 915 784 951; x_wconf 86' lang='lat' dir='ltr'><strong>dumetosis</strong></span> <span class='ocrx_word' id='word_1_102' title='bbox 813 914 961 950; x_wconf 86' lang='lat' dir='ltr'><strong>collium</strong></span> <span class='ocrx_word' id='word_1_103' title='bbox 988 912 1071 948; x_wconf 90' lang='lat' dir='ltr'><strong>hine</strong></span> <span class='ocrx_word' id='word_1_104' title='bbox 1098 911 1181 946; x_wconf 85' lang='lat' dir='ltr'><strong>inde</strong></span> <span class='ocrx_word' id='word_1_105' title='bbox 1208 910 1253 946; x_wconf 84' lang='lat' dir='ltr'><strong>ad</strong></span> <span class='ocrx_word' id='word_1_106' title='bbox 1280 911 1420 946; x_wconf 78' lang='lat' dir='ltr'><strong>radices</strong></span> <span class='ocrx_word' id='word_1_107' title='bbox 1453 911 1623 946; x_wconf 83' lang='lat' dir='ltr'><strong>Genistae</strong></span> <span class='ocrx_word' id='word_1_108' title='bbox 1658 910 1813 959; x_wconf 77' lang='lat' dir='ltr'><strong>pilosae,</strong></span> <span class='ocrx_word' id='word_1_109' title='bbox 1849 909 1987 944; x_wconf 76' lang='lat' dir='ltr'><strong>Tril&#39;olii</strong></span> 
     </span>
     <span class='ocr_line' id='line_1_13' title="bbox 527 978 773 1027; baseline -0.004 -14"><span class='ocrx_word' id='word_1_110' title='bbox 527 979 714 1027; x_wconf 79' lang='lat' dir='ltr'><strong>pratensis.</strong></span> <span class='ocrx_word' id='word_1_111' title='bbox 737 978 773 1027; x_wconf 54' lang='grc' dir='ltr'><strong>ᾋΕ</strong></span> 
     </span>
    </p>
   </div>
   <div class='ocr_carea' id='block_1_6' title="bbox 476 1047 2004 2474">
    <p class='ocr_par' dir='ltr' id='par_1_7' title="bbox 476 1047 1990 1098">
     <span class='ocr_line' id='line_1_14' title="bbox 476 1047 1990 1098; baseline -0.007 -8"><span class='ocrx_word' id='word_1_112' title='bbox 476 1053 587 1090; x_wconf 82' lang='grc'><strong>1577.</strong></span> <span class='ocrx_word' id='word_1_113' title='bbox 618 1055 855 1090; x_wconf 76' lang='lat' dir='ltr'><strong>Orobanche</strong></span> <span class='ocrx_word' id='word_1_114' title='bbox 884 1062 1045 1088; x_wconf 76' lang='lat' dir='ltr'><strong>ramosa</strong></span> <span class='ocrx_word' id='word_1_115' title='bbox 1073 1051 1113 1085; x_wconf 91' lang='lat' dir='ltr'><strong>L.</strong></span> <span class='ocrx_word' id='word_1_116' title='bbox 1131 1050 1191 1098; x_wconf 83' lang='lat' dir='ltr'><strong>Sp.</strong></span> <span class='ocrx_word' id='word_1_117' title='bbox 1209 1063 1242 1098; x_wconf 83' lang='lat' dir='ltr'><strong>p.</strong></span> <span class='ocrx_word' id='word_1_118' title='bbox 1260 1050 1343 1084; x_wconf 78' lang='lat'><strong>882.</strong></span> <span class='ocrx_word' id='word_1_119' title='bbox 1361 1049 1466 1083; x_wconf 77' lang='lat' dir='ltr'><strong>Kocn</strong></span> <span class='ocrx_word' id='word_1_120' title='bbox 1488 1048 1571 1097; x_wconf 87' lang='lat' dir='ltr'><strong>Syn.</strong></span> <span class='ocrx_word' id='word_1_121' title='bbox 1589 1060 1623 1096; x_wconf 84' lang='lat' dir='ltr'><strong>p.</strong></span> <span class='ocrx_word' id='word_1_122' title='bbox 1641 1047 1724 1095; x_wconf 82' lang='lat'><strong>539.</strong></span> <span class='ocrx_word' id='word_1_123' title='bbox 1745 1048 1900 1082; x_wconf 61' lang='lat' dir='ltr'><strong>Rumor.</strong></span> <span class='ocrx_word' id='word_1_124' title='bbox 1917 1048 1990 1082; x_wconf 76' lang='lat' dir='ltr'><strong>Ln-</strong></span> 
     </span>
    </p>

    <p class='ocr_par' dir='ltr' id='par_1_8' title="bbox 479 1116 1992 1290">
     <span class='ocr_line' id='line_1_15' title="bbox 526 1116 761 1165; baseline -0.004 -14"><span class='ocrx_word' id='word_1_125' title='bbox 526 1116 630 1152; x_wconf 76' lang='lat' dir='ltr'><strong>cubr.</strong></span> <span class='ocrx_word' id='word_1_126' title='bbox 643 1130 680 1165; x_wconf 83' lang='lat' dir='ltr'><strong>p.</strong></span> <span class='ocrx_word' id='word_1_127' title='bbox 708 1116 761 1151; x_wconf 84' lang='lat'><strong>16.</strong></span> 
     </span>
     <span class='ocr_line' id='line_1_16' title="bbox 479 1177 1148 1227; baseline -0.003 -13"><span class='ocrx_word' id='word_1_128' title='bbox 479 1181 528 1214; x_wconf 90' lang='lat' dir='ltr'><strong>Ic..</strong></span> <span class='ocrx_word' id='word_1_129' title='bbox 556 1181 704 1214; x_wconf 53' lang='lat' dir='ltr'><strong>limena.</strong></span> <span class='ocrx_word' id='word_1_130' title='bbox 720 1179 774 1214; x_wconf 89' lang='lat' dir='ltr'><strong>Pl.</strong></span> <span class='ocrx_word' id='word_1_131' title='bbox 793 1179 870 1213; x_wconf 89' lang='lat' dir='ltr'><strong>crit.</strong></span> <span class='ocrx_word' id='word_1_132' title='bbox 888 1177 944 1227; x_wconf 79' lang='lat' dir='ltr'><strong>fig.</strong></span> <span class='ocrx_word' id='word_1_133' title='bbox 961 1178 1045 1226; x_wconf 78' lang='lat'><strong>933.</strong></span> <span class='ocrx_word' id='word_1_134' title='bbox 1063 1178 1148 1226; x_wconf 70' lang='lat'><strong>934.</strong></span> 
     </span>
     <span class='ocr_line' id='line_1_17' title="bbox 484 1235 1992 1290; baseline -0.005 -13"><span class='ocrx_word' id='word_1_135' title='bbox 484 1243 501 1259; x_wconf 39' lang='grc' dir='ltr'><strong>’ὲ</strong></span> <span class='ocrx_word' id='word_1_136' title='bbox 530 1242 675 1285; x_wconf 77' lang='lat' dir='ltr'><strong>tenella,</strong></span> <span class='ocrx_word' id='word_1_137' title='bbox 700 1242 801 1276; x_wconf 88' lang='lat' dir='ltr'><strong>caule</strong></span> <span class='ocrx_word' id='word_1_138' title='bbox 822 1241 994 1290; x_wconf 73' lang='lat' dir='ltr'><strong>simplici,</strong></span> <span class='ocrx_word' id='word_1_139' title='bbox 1015 1239 1181 1275; x_wconf 84' lang='lat' dir='ltr'><strong>dentibus</strong></span> <span class='ocrx_word' id='word_1_140' title='bbox 1200 1240 1332 1289; x_wconf 88' lang='lat' dir='ltr'><strong>calycis</strong></span> <span class='ocrx_word' id='word_1_141' title='bbox 1351 1238 1457 1274; x_wconf 78' lang='lat' dir='ltr'><strong>valde</strong></span> <span class='ocrx_word' id='word_1_142' title='bbox 1486 1238 1689 1282; x_wconf 76' lang='lat' dir='ltr'><strong>attenuatis,</strong></span> <span class='ocrx_word' id='word_1_143' title='bbox 1718 1236 1854 1271; x_wconf 88' lang='lat' dir='ltr'><strong>corolla</strong></span> <span class='ocrx_word' id='word_1_144' title='bbox 1883 1235 1992 1270; x_wconf 82' lang='lat' dir='ltr'><strong>dense</strong></span> 
     </span>
    </p>

    <p class='ocr_par' dir='ltr' id='par_1_9' title="bbox 532 1302 1341 1352">
     <span class='ocr_line' id='line_1_18' title="bbox 532 1302 1341 1352; baseline -0.002 -13"><span class='ocrx_word' id='word_1_145' title='bbox 532 1305 675 1348; x_wconf 85' lang='lat' dir='ltr'><strong>villosa,</strong></span> <span class='ocrx_word' id='word_1_146' title='bbox 696 1304 798 1339; x_wconf 83' lang='lat' dir='ltr'><strong>labiis</strong></span> <span class='ocrx_word' id='word_1_147' title='bbox 819 1304 977 1352; x_wconf 74' lang='lat' dir='ltr'><strong>margine</strong></span> <span class='ocrx_word' id='word_1_148' title='bbox 997 1303 1178 1352; x_wconf 81' lang='lat' dir='ltr'><strong>eleganter</strong></span> <span class='ocrx_word' id='word_1_149' title='bbox 1201 1302 1341 1337; x_wconf 83' lang='lat' dir='ltr'><strong>ciliatis.</strong></span> 
     </span>
    </p>

    <p class='ocr_par' dir='ltr' id='par_1_10' title="bbox 485 1362 1993 1480">
     <span class='ocr_line' id='line_1_19' title="bbox 533 1362 1993 1414; baseline -0.005 -12"><span class='ocrx_word' id='word_1_150' title='bbox 533 1369 575 1402; x_wconf 88' lang='lat' dir='ltr'><strong>In</strong></span> <span class='ocrx_word' id='word_1_151' title='bbox 597 1368 691 1402; x_wconf 87' lang='lat' dir='ltr'><strong>arvis</strong></span> <span class='ocrx_word' id='word_1_152' title='bbox 711 1366 870 1402; x_wconf 86' lang='lat' dir='ltr'><strong>Cannab.</strong></span> <span class='ocrx_word' id='word_1_153' title='bbox 892 1367 975 1401; x_wconf 84' lang='lat' dir='ltr'><strong>satis</strong></span> <span class='ocrx_word' id='word_1_154' title='bbox 995 1367 1031 1400; x_wconf 90' lang='lat' dir='ltr'><strong>in</strong></span> <span class='ocrx_word' id='word_1_155' title='bbox 1050 1365 1195 1414; x_wconf 81' lang='lat' dir='ltr'><strong>planitie</strong></span> <span class='ocrx_word' id='word_1_156' title='bbox 1215 1364 1501 1413; x_wconf 77' lang='lat' dir='ltr'><strong>albingaumensi</strong></span> <span class='ocrx_word' id='word_1_157' title='bbox 1521 1371 1555 1398; x_wconf 88' lang='lat' dir='ltr'><strong>et</strong></span> <span class='ocrx_word' id='word_1_158' title='bbox 1574 1363 1773 1398; x_wconf 78' lang='lat' dir='ltr'><strong>sarzanensi</strong></span> <span class='ocrx_word' id='word_1_159' title='bbox 1801 1362 1907 1397; x_wconf 87' lang='lat' dir='ltr'><strong>nimis</strong></span> <span class='ocrx_word' id='word_1_160' title='bbox 1935 1374 1993 1394; x_wconf 83' lang='lat' dir='ltr'><strong>eo-</strong></span> 
     </span>
     <span class='ocr_line' id='line_1_20' title="bbox 485 1426 1380 1480; baseline -0.006 -14"><span class='ocrx_word' id='word_1_161' title='bbox 485 1432 597 1480; x_wconf 79' lang='lat' dir='ltr'><strong>piosa:</strong></span> <span class='ocrx_word' id='word_1_162' title='bbox 618 1444 689 1465; x_wconf 85' lang='lat' dir='ltr'><strong>var.</strong></span> <span class='ocrx_word' id='word_1_163' title='bbox 712 1431 749 1464; x_wconf 86' lang='lat' dir='ltr'><strong>in</strong></span> <span class='ocrx_word' id='word_1_164' title='bbox 768 1429 910 1478; x_wconf 82' lang='lat' dir='ltr'><strong>pascuis</strong></span> <span class='ocrx_word' id='word_1_165' title='bbox 928 1429 1106 1463; x_wconf 84' lang='lat' dir='ltr'><strong>montanis</strong></span> <span class='ocrx_word' id='word_1_166' title='bbox 1128 1427 1211 1462; x_wconf 91' lang='lat' dir='ltr'><strong>hinc</strong></span> <span class='ocrx_word' id='word_1_167' title='bbox 1234 1426 1327 1462; x_wconf 85' lang='lat' dir='ltr'><strong>inde.</strong></span> <span class='ocrx_word' id='word_1_168' title='bbox 1344 1426 1380 1476; x_wconf 56' lang='grc' dir='ltr'><strong>ᾋΕ</strong></span> 
     </span>
    </p>

    <p class='ocr_par' dir='ltr' id='par_1_11' title="bbox 483 1487 2004 2474">
     <span class='ocr_line' id='line_1_21' title="bbox 534 1487 1994 1540; baseline -0.006 -12"><span class='ocrx_word' id='word_1_169' title='bbox 534 1493 661 1528; x_wconf 88' lang='lat' dir='ltr'><strong>Plures</strong></span> <span class='ocrx_word' id='word_1_170' title='bbox 683 1492 832 1527; x_wconf 87' lang='lat' dir='ltr'><strong>huiusce</strong></span> <span class='ocrx_word' id='word_1_171' title='bbox 853 1491 993 1540; x_wconf 77' lang='lat' dir='ltr'><strong>generis</strong></span> <span class='ocrx_word' id='word_1_172' title='bbox 1012 1491 1168 1539; x_wconf 72' lang='lat' dir='ltr'><strong>species,</strong></span> <span class='ocrx_word' id='word_1_173' title='bbox 1198 1490 1251 1525; x_wconf 82' lang='lat' dir='ltr'><strong>vel</strong></span> <span class='ocrx_word' id='word_1_174' title='bbox 1279 1490 1395 1538; x_wconf 75' lang='lat' dir='ltr'><strong>aptius</strong></span> <span class='ocrx_word' id='word_1_175' title='bbox 1423 1489 1556 1524; x_wconf 86' lang='lat' dir='ltr'><strong>formae</strong></span> <span class='ocrx_word' id='word_1_176' title='bbox 1585 1489 1620 1522; x_wconf 90' lang='lat' dir='ltr'><strong>in</strong></span> <span class='ocrx_word' id='word_1_177' title='bbox 1649 1487 1815 1522; x_wconf 81' lang='lat' dir='ltr'><strong>herbario</strong></span> <span class='ocrx_word' id='word_1_178' title='bbox 1837 1498 1917 1520; x_wconf 82' lang='lat' dir='ltr'><strong>meo</strong></span> <span class='ocrx_word' id='word_1_179' title='bbox 1937 1498 1994 1520; x_wconf 81' lang='lat' dir='ltr'><strong>ex-</strong></span> 
     </span>
     <span class='ocr_line' id='line_1_22' title="bbox 483 1549 1996 1602; baseline -0.005 -11"><span class='ocrx_word' id='word_1_180' title='bbox 483 1564 573 1600; x_wconf 79' lang='lat' dir='ltr'><strong>tant,</strong></span> <span class='ocrx_word' id='word_1_181' title='bbox 592 1555 745 1591; x_wconf 83' lang='lat' dir='ltr'><strong>ulterius</strong></span> <span class='ocrx_word' id='word_1_182' title='bbox 765 1552 1016 1602; x_wconf 83' lang='lat' dir='ltr'><strong>inquirendae.</strong></span> <span class='ocrx_word' id='word_1_183' title='bbox 1033 1552 1171 1587; x_wconf 79' lang='lat' dir='ltr'><strong>Adsunt</strong></span> <span class='ocrx_word' id='word_1_184' title='bbox 1187 1553 1303 1587; x_wconf 86' lang='lat' dir='ltr'><strong>lectae</strong></span> <span class='ocrx_word' id='word_1_185' title='bbox 1323 1552 1358 1586; x_wconf 89' lang='lat' dir='ltr'><strong>iu</strong></span> <span class='ocrx_word' id='word_1_186' title='bbox 1374 1553 1554 1588; x_wconf 80' lang='lat' dir='ltr'><strong>Chritmo</strong></span> <span class='ocrx_word' id='word_1_187' title='bbox 1574 1552 1794 1591; x_wconf 77' lang='lat' dir='ltr'><strong>maritime,</strong></span> <span class='ocrx_word' id='word_1_188' title='bbox 1812 1549 1844 1582; x_wconf 86' lang='lat' dir='ltr'><strong>in</strong></span> <span class='ocrx_word' id='word_1_189' title='bbox 1861 1550 1996 1584; x_wconf 84' lang='lat' dir='ltr'><strong>Dauco</strong></span> 
     </span>
     <span class='ocr_line' id='line_1_23' title="bbox 485 1610 2000 1665; baseline -0.007 -12"><span class='ocrx_word' id='word_1_190' title='bbox 485 1622 648 1665; x_wconf 64' lang='lat' dir='ltr'><strong>Eurota,</strong></span> <span class='ocrx_word' id='word_1_191' title='bbox 668 1625 705 1652; x_wconf 86' lang='lat' dir='ltr'><strong>et</strong></span> <span class='ocrx_word' id='word_1_192' title='bbox 723 1617 761 1651; x_wconf 84' lang='lat' dir='ltr'><strong>in</strong></span> <span class='ocrx_word' id='word_1_193' title='bbox 783 1616 860 1650; x_wconf 86' lang='lat' dir='ltr'><strong>aliis</strong></span> <span class='ocrx_word' id='word_1_194' title='bbox 880 1615 1087 1664; x_wconf 77' lang='lat' dir='ltr'><strong>permultis,</strong></span> <span class='ocrx_word' id='word_1_195' title='bbox 1123 1628 1213 1664; x_wconf 83' lang='lat' dir='ltr'><strong>quac</strong></span> <span class='ocrx_word' id='word_1_196' title='bbox 1234 1613 1278 1648; x_wconf 85' lang='lat' dir='ltr'><strong>ab</strong></span> <span class='ocrx_word' id='word_1_197' title='bbox 1299 1614 1456 1662; x_wconf 74' lang='lat' dir='ltr'><strong>analogis</strong></span> <span class='ocrx_word' id='word_1_198' title='bbox 1493 1613 1537 1647; x_wconf 80' lang='lat' dir='ltr'><strong>al)</strong></span> <span class='ocrx_word' id='word_1_199' title='bbox 1573 1611 1780 1646; x_wconf 84' lang='lat' dir='ltr'><strong>auctoribus</strong></span> <span class='ocrx_word' id='word_1_200' title='bbox 1813 1610 2000 1658; x_wconf 76' lang='lat' dir='ltr'><strong>descriptis</strong></span> 
     </span>
     <span class='ocr_line' id='line_1_24' title="bbox 485 1675 1998 1726; baseline -0.007 -11"><span class='ocrx_word' id='word_1_201' title='bbox 485 1679 585 1715; x_wconf 78' lang='lat' dir='ltr'><strong>valde</strong></span> <span class='ocrx_word' id='word_1_202' title='bbox 606 1679 795 1723; x_wconf 77' lang='lat' dir='ltr'><strong>differunt,</strong></span> <span class='ocrx_word' id='word_1_203' title='bbox 817 1677 880 1713; x_wconf 90' lang='lat' dir='ltr'><strong>sed</strong></span> <span class='ocrx_word' id='word_1_204' title='bbox 899 1677 1042 1726; x_wconf 83' lang='lat' dir='ltr'><strong>speeies</strong></span> <span class='ocrx_word' id='word_1_205' title='bbox 1062 1689 1142 1712; x_wconf 75' lang='lat' dir='ltr'><strong>vere</strong></span> <span class='ocrx_word' id='word_1_206' title='bbox 1166 1676 1351 1725; x_wconf 74' lang='lat' dir='ltr'><strong>distinctas</strong></span> <span class='ocrx_word' id='word_1_207' title='bbox 1370 1688 1602 1724; x_wconf 81' lang='lat' dir='ltr'><strong>nequaquam</strong></span> <span class='ocrx_word' id='word_1_208' title='bbox 1620 1675 1838 1709; x_wconf 72' lang='lat' dir='ltr'><strong>constituere</strong></span> <span class='ocrx_word' id='word_1_209' title='bbox 1858 1685 1998 1707; x_wconf 67' lang='lat' dir='ltr'><strong>censeo.</strong></span> 
     </span>
     <span class='ocr_line' id='line_1_25' title="bbox 486 1734 1998 1788; baseline -0.006 -12"><span class='ocrx_word' id='word_1_210' title='bbox 486 1743 639 1778; x_wconf 74' lang='lat' dir='ltr'><strong>Eveniet</strong></span> <span class='ocrx_word' id='word_1_211' title='bbox 658 1741 761 1776; x_wconf 90' lang='lat' dir='ltr'><strong>brevi</strong></span> <span class='ocrx_word' id='word_1_212' title='bbox 781 1740 824 1775; x_wconf 88' lang='lat' dir='ltr'><strong>de</strong></span> <span class='ocrx_word' id='word_1_213' title='bbox 847 1740 915 1774; x_wconf 85' lang='lat' dir='ltr'><strong>hoe</strong></span> <span class='ocrx_word' id='word_1_214' title='bbox 931 1752 1062 1788; x_wconf 80' lang='lat' dir='ltr'><strong>genere</strong></span> <span class='ocrx_word' id='word_1_215' title='bbox 1084 1738 1119 1773; x_wconf 91' lang='lat' dir='ltr'><strong>id</strong></span> <span class='ocrx_word' id='word_1_216' title='bbox 1140 1738 1236 1787; x_wconf 79' lang='lat' dir='ltr'><strong>quod</strong></span> <span class='ocrx_word' id='word_1_217' title='bbox 1254 1738 1297 1773; x_wconf 83' lang='lat' dir='ltr'><strong>de</strong></span> <span class='ocrx_word' id='word_1_218' title='bbox 1317 1740 1564 1774; x_wconf 80' lang='lat' dir='ltr'><strong>Urcdinihus</strong></span> <span class='ocrx_word' id='word_1_219' title='bbox 1580 1741 1620 1772; x_wconf 80' lang='lat' dir='ltr'><strong>et</strong></span> <span class='ocrx_word' id='word_1_220' title='bbox 1641 1737 1841 1771; x_wconf 76' lang='lat' dir='ltr'><strong>Pncciniis</strong></span> <span class='ocrx_word' id='word_1_221' title='bbox 1864 1734 1998 1769; x_wconf 79' lang='lat' dir='ltr'><strong>sactum</strong></span> 
     </span>
     <span class='ocr_line' id='line_1_26' title="bbox 488 1798 2004 1853; baseline -0.007 -14"><span class='ocrx_word' id='word_1_222' title='bbox 488 1814 560 1850; x_wconf 76' lang='lat' dir='ltr'><strong>cst,</strong></span> <span class='ocrx_word' id='word_1_223' title='bbox 582 1806 616 1839; x_wconf 89' lang='lat' dir='ltr'><strong>in</strong></span> <span class='ocrx_word' id='word_1_224' title='bbox 638 1804 770 1853; x_wconf 86' lang='lat' dir='ltr'><strong>quibus</strong></span> <span class='ocrx_word' id='word_1_225' title='bbox 792 1803 988 1852; x_wconf 84' lang='lat' dir='ltr'><strong>praecipua</strong></span> <span class='ocrx_word' id='word_1_226' title='bbox 1010 1801 1250 1836; x_wconf 73' lang='lat' dir='ltr'><strong>distinctionis</strong></span> <span class='ocrx_word' id='word_1_227' title='bbox 1271 1809 1353 1835; x_wconf 81' lang='lat' dir='ltr'><strong>nota</strong></span> <span class='ocrx_word' id='word_1_228' title='bbox 1374 1799 1585 1848; x_wconf 85' lang='lat' dir='ltr'><strong>saepissime</strong></span> <span class='ocrx_word' id='word_1_229' title='bbox 1608 1812 1625 1832; x_wconf 91' lang='lat' dir='ltr'><strong>a</strong></span> <span class='ocrx_word' id='word_1_230' title='bbox 1647 1798 1786 1847; x_wconf 70' lang='lat' dir='ltr'><strong>planta,</strong></span> <span class='ocrx_word' id='word_1_231' title='bbox 1809 1798 1842 1831; x_wconf 87' lang='lat' dir='ltr'><strong>in</strong></span> <span class='ocrx_word' id='word_1_232' title='bbox 1866 1809 1935 1845; x_wconf 80' lang='lat' dir='ltr'><strong>qua</strong></span> <span class='ocrx_word' id='word_1_233' title='bbox 1951 1810 2004 1830; x_wconf 74' lang='lat' dir='ltr'><strong>re-</strong></span> 
     </span>
     <span class='ocr_line' id='line_1_27' title="bbox 484 1861 1999 1916; baseline -0.006 -14"><span class='ocrx_word' id='word_1_234' title='bbox 484 1869 693 1916; x_wconf 79' lang='lat' dir='ltr'><strong>periuntur,</strong></span> <span class='ocrx_word' id='word_1_235' title='bbox 714 1867 877 1901; x_wconf 81' lang='lat' dir='ltr'><strong>sumitur.</strong></span> <span class='ocrx_word' id='word_1_236' title='bbox 902 1863 972 1899; x_wconf 87' lang='lat' dir='ltr'><strong>Sed</strong></span> <span class='ocrx_word' id='word_1_237' title='bbox 995 1863 1109 1898; x_wconf 87' lang='lat' dir='ltr'><strong>adhuc</strong></span> <span class='ocrx_word' id='word_1_238' title='bbox 1133 1862 1360 1912; x_wconf 82' lang='lat' dir='ltr'><strong>probandum</strong></span> <span class='ocrx_word' id='word_1_239' title='bbox 1381 1870 1508 1906; x_wconf 79' lang='lat' dir='ltr'><strong>restat,</strong></span> <span class='ocrx_word' id='word_1_240' title='bbox 1530 1874 1616 1896; x_wconf 86' lang='lat' dir='ltr'><strong>num</strong></span> <span class='ocrx_word' id='word_1_241' title='bbox 1638 1872 1879 1909; x_wconf 84' lang='lat' dir='ltr'><strong>unaquaeque</strong></span> <span class='ocrx_word' id='word_1_242' title='bbox 1899 1861 1999 1894; x_wconf 85' lang='lat' dir='ltr'><strong>Oro-</strong></span> 
     </span>
     <span class='ocr_line' id='line_1_28' title="bbox 489 1921 2002 1977; baseline -0.008 -12"><span class='ocrx_word' id='word_1_243' title='bbox 489 1931 692 1966; x_wconf 67' lang='lat' dir='ltr'><strong>hanell&#39;eos</strong></span> <span class='ocrx_word' id='word_1_244' title='bbox 712 1929 850 1977; x_wconf 84' lang='lat' dir='ltr'><strong>species</strong></span> <span class='ocrx_word' id='word_1_245' title='bbox 870 1935 1080 1962; x_wconf 77' lang='lat' dir='ltr'><strong>constanter</strong></span> <span class='ocrx_word' id='word_1_246' title='bbox 1102 1925 1267 1961; x_wconf 74' lang='lat' dir='ltr'><strong>definitae</strong></span> <span class='ocrx_word' id='word_1_247' title='bbox 1291 1925 1423 1974; x_wconf 78' lang='lat' dir='ltr'><strong>speciei</strong></span> <span class='ocrx_word' id='word_1_248' title='bbox 1446 1924 1635 1973; x_wconf 86' lang='lat' dir='ltr'><strong>parasitica</strong></span> <span class='ocrx_word' id='word_1_249' title='bbox 1659 1923 1720 1966; x_wconf 44' lang='lat' dir='ltr'><strong>sit.</strong></span> <span class='ocrx_word' id='word_1_250' title='bbox 1757 1922 1800 1956; x_wconf 88' lang='lat' dir='ltr'><strong>de</strong></span> <span class='ocrx_word' id='word_1_251' title='bbox 1829 1934 1900 1969; x_wconf 83' lang='lat' dir='ltr'><strong>quo</strong></span> <span class='ocrx_word' id='word_1_252' title='bbox 1929 1921 2002 1954; x_wconf 68' lang='lat' dir='ltr'><strong>val-</strong></span> 
     </span>
     <span class='ocr_line' id='line_1_29' title="bbox 487 1983 1999 2041; baseline -0.006 -15"><span class='ocrx_word' id='word_1_253' title='bbox 487 1992 621 2041; x_wconf 67' lang='lat' dir='ltr'><strong>dopere</strong></span> <span class='ocrx_word' id='word_1_254' title='bbox 642 1991 809 2026; x_wconf 87' lang='lat' dir='ltr'><strong>dubitare</strong></span> <span class='ocrx_word' id='word_1_255' title='bbox 828 1990 928 2033; x_wconf 75' lang='lat' dir='ltr'><strong>licet,</strong></span> <span class='ocrx_word' id='word_1_256' title='bbox 939 1989 995 2023; x_wconf 83' lang='lat' dir='ltr'><strong>vel</strong></span> <span class='ocrx_word' id='word_1_257' title='bbox 1016 1996 1141 2024; x_wconf 85' lang='lat' dir='ltr'><strong>eontra</strong></span> <span class='ocrx_word' id='word_1_258' title='bbox 1160 1987 1473 2023; x_wconf 73' lang='lat' dir='ltr'><strong>indiscr‘un&#39;mathn</strong></span> <span class='ocrx_word' id='word_1_259' title='bbox 1486 1986 1605 2035; x_wconf 86' lang='lat' dir='ltr'><strong>plures</strong></span> <span class='ocrx_word' id='word_1_260' title='bbox 1626 1994 1661 2020; x_wconf 83' lang='lat' dir='ltr'><strong>et</strong></span> <span class='ocrx_word' id='word_1_261' title='bbox 1677 1984 1823 2034; x_wconf 83' lang='lat' dir='ltr'><strong>quidem</strong></span> <span class='ocrx_word' id='word_1_262' title='bbox 1839 1983 1999 2018; x_wconf 79' lang='lat' dir='ltr'><strong>diversae</strong></span> 
     </span>
     <span class='ocr_line' id='line_1_30' title="bbox 488 2044 2004 2102; baseline -0.007 -14"><span class='ocrx_word' id='word_1_263' title='bbox 488 2054 639 2089; x_wconf 77' lang='lat' dir='ltr'><strong>familiae</strong></span> <span class='ocrx_word' id='word_1_264' title='bbox 659 2054 801 2102; x_wconf 85' lang='lat' dir='ltr'><strong>plantas</strong></span> <span class='ocrx_word' id='word_1_265' title='bbox 822 2051 970 2100; x_wconf 74' lang='lat' dir='ltr'><strong>adgredi</strong></span> <span class='ocrx_word' id='word_1_266' title='bbox 989 2051 1113 2100; x_wconf 81' lang='lat' dir='ltr'><strong>possit.</strong></span> <span class='ocrx_word' id='word_1_267' title='bbox 1132 2051 1276 2099; x_wconf 75' lang='lat' dir='ltr'><strong>Species</strong></span> <span class='ocrx_word' id='word_1_268' title='bbox 1294 2050 1477 2098; x_wconf 71' lang='lat' dir='ltr'><strong>ligusticae</strong></span> <span class='ocrx_word' id='word_1_269' title='bbox 1493 2049 1659 2097; x_wconf 80' lang='lat' dir='ltr'><strong>superius</strong></span> <span class='ocrx_word' id='word_1_270' title='bbox 1678 2054 1911 2088; x_wconf 70' lang='lat' dir='ltr'><strong>memoratae,</strong></span> <span class='ocrx_word' id='word_1_271' title='bbox 1926 2044 2004 2078; x_wconf 77' lang='lat' dir='ltr'><strong>clia-</strong></span> 
     </span>
     <span class='ocr_line' id='line_1_31' title="bbox 489 2109 2002 2164; baseline -0.007 -14"><span class='ocrx_word' id='word_1_272' title='bbox 489 2117 693 2151; x_wconf 79' lang='lat' dir='ltr'><strong>racteribus</strong></span> <span class='ocrx_word' id='word_1_273' title='bbox 713 2114 932 2164; x_wconf 72' lang='lat' dir='ltr'><strong>potioribus,</strong></span> <span class='ocrx_word' id='word_1_274' title='bbox 955 2115 1092 2148; x_wconf 85' lang='lat' dir='ltr'><strong>ratione</strong></span> <span class='ocrx_word' id='word_1_275' title='bbox 1114 2112 1300 2148; x_wconf 84' lang='lat' dir='ltr'><strong>crescendi</strong></span> <span class='ocrx_word' id='word_1_276' title='bbox 1320 2121 1353 2147; x_wconf 81' lang='lat' dir='ltr'><strong>et</strong></span> <span class='ocrx_word' id='word_1_277' title='bbox 1370 2111 1452 2147; x_wconf 86' lang='lat' dir='ltr'><strong>sede</strong></span> <span class='ocrx_word' id='word_1_278' title='bbox 1474 2125 1554 2146; x_wconf 88' lang='lat' dir='ltr'><strong>cum</strong></span> <span class='ocrx_word' id='word_1_279' title='bbox 1575 2109 1804 2158; x_wconf 60' lang='lat' dir='ltr'><strong>homonymis</strong></span> <span class='ocrx_word' id='word_1_280' title='bbox 1819 2116 2002 2143; x_wconf 79' lang='lat' dir='ltr'><strong>auctorum</strong></span> 
     </span>
     <span class='ocr_line' id='line_1_32' title="bbox 491 2169 2003 2223; baseline -0.007 -10"><span class='ocrx_word' id='word_1_281' title='bbox 491 2180 681 2213; x_wconf 84' lang='lat' dir='ltr'><strong>convenire</strong></span> <span class='ocrx_word' id='word_1_282' title='bbox 703 2177 890 2221; x_wconf 74' lang='lat' dir='ltr'><strong>videntur,</strong></span> <span class='ocrx_word' id='word_1_283' title='bbox 910 2184 960 2211; x_wconf 86' lang='lat' dir='ltr'><strong>ast</strong></span> <span class='ocrx_word' id='word_1_284' title='bbox 978 2175 1152 2211; x_wconf 83' lang='lat' dir='ltr'><strong>identicae</strong></span> <span class='ocrx_word' id='word_1_285' title='bbox 1177 2175 1249 2210; x_wconf 90' lang='lat' dir='ltr'><strong>diei</strong></span> <span class='ocrx_word' id='word_1_286' title='bbox 1270 2182 1473 2223; x_wconf 77' lang='lat' dir='ltr'><strong>nequeunt,</strong></span> <span class='ocrx_word' id='word_1_287' title='bbox 1502 2173 1599 2222; x_wconf 89' lang='lat' dir='ltr'><strong>quod</strong></span> <span class='ocrx_word' id='word_1_288' title='bbox 1627 2173 1757 2207; x_wconf 83' lang='lat' dir='ltr'><strong>clarius</strong></span> <span class='ocrx_word' id='word_1_289' title='bbox 1783 2169 1938 2205; x_wconf 82' lang='lat' dir='ltr'><strong>elucebit</strong></span> <span class='ocrx_word' id='word_1_290' title='bbox 1961 2182 2003 2202; x_wconf 76' lang='lat' dir='ltr'><strong>cx</strong></span> 
     </span>
     <span class='ocr_line' id='line_1_33' title="bbox 492 2232 2002 2288; baseline -0.007 -14"><span class='ocrx_word' id='word_1_291' title='bbox 492 2241 759 2288; x_wconf 62' lang='lat' dir='ltr'><strong>comparatione</strong></span> <span class='ocrx_word' id='word_1_292' title='bbox 779 2239 931 2287; x_wconf 72' lang='lat' dir='ltr'><strong>exempli</strong></span> <span class='ocrx_word' id='word_1_293' title='bbox 951 2239 1064 2287; x_wconf 75' lang='lat' dir='ltr'><strong>gratia</strong></span> <span class='ocrx_word' id='word_1_294' title='bbox 1088 2240 1129 2273; x_wconf 87' lang='lat' dir='ltr'><strong>O.</strong></span> <span class='ocrx_word' id='word_1_295' title='bbox 1152 2245 1297 2272; x_wconf 78' lang='lat' dir='ltr'><strong>nostrae</strong></span> <span class='ocrx_word' id='word_1_296' title='bbox 1314 2238 1505 2285; x_wconf 72' lang='lat' dir='ltr'><strong>pruinosae</strong></span> <span class='ocrx_word' id='word_1_297' title='bbox 1522 2249 1601 2270; x_wconf 80' lang='lat' dir='ltr'><strong>cuni</strong></span> <span class='ocrx_word' id='word_1_298' title='bbox 1620 2233 1832 2282; x_wconf 79' lang='lat' dir='ltr'><strong>homonyma</strong></span> <span class='ocrx_word' id='word_1_299' title='bbox 1852 2232 2002 2274; x_wconf 61' lang='lat' dir='ltr'><strong>Romu,</strong></span> 
     </span>
     <span class='ocr_line' id='line_1_34' title="bbox 492 2296 2001 2349; baseline -0.007 -12"><span class='ocrx_word' id='word_1_300' title='bbox 492 2305 622 2346; x_wconf 67' lang='lat' dir='ltr'><strong>Duum,</strong></span> <span class='ocrx_word' id='word_1_301' title='bbox 642 2305 901 2345; x_wconf 62' lang='lat' dir='ltr'><strong>LAPm&#39;uocsii7</strong></span> <span class='ocrx_word' id='word_1_302' title='bbox 928 2310 964 2336; x_wconf 90' lang='lat' dir='ltr'><strong>et</strong></span> <span class='ocrx_word' id='word_1_303' title='bbox 989 2302 1037 2336; x_wconf 86' lang='lat' dir='ltr'><strong>sic</strong></span> <span class='ocrx_word' id='word_1_304' title='bbox 1066 2301 1109 2335; x_wconf 87' lang='lat' dir='ltr'><strong>de</strong></span> <span class='ocrx_word' id='word_1_305' title='bbox 1137 2301 1297 2349; x_wconf 82' lang='lat' dir='ltr'><strong>reliquis.</strong></span> <span class='ocrx_word' id='word_1_306' title='bbox 1330 2322 1376 2325; x_wconf 97' lang='lat'><strong>—</strong></span> <span class='ocrx_word' id='word_1_307' title='bbox 1413 2297 1634 2334; x_wconf 88' lang='lat' dir='ltr'><strong>Monendum</strong></span> <span class='ocrx_word' id='word_1_308' title='bbox 1662 2296 1817 2343; x_wconf 78' lang='lat' dir='ltr'><strong>denique</strong></span> <span class='ocrx_word' id='word_1_309' title='bbox 1853 2296 1895 2328; x_wconf 83' lang='lat' dir='ltr'><strong>O.</strong></span> <span class='ocrx_word' id='word_1_310' title='bbox 1926 2296 2001 2328; x_wconf 80' lang='lat' dir='ltr'><strong>Hc·</strong></span> 
     </span>
     <span class='ocr_line' id='line_1_35' title="bbox 492 2357 2001 2412; baseline -0.007 -12"><span class='ocrx_word' id='word_1_311' title='bbox 492 2368 609 2401; x_wconf 78' lang='lat' dir='ltr'><strong>‹lei-ae</strong></span> <span class='ocrx_word' id='word_1_312' title='bbox 638 2366 693 2399; x_wconf 62' lang='lat' dir='ltr'><strong>vix*</strong></span> <span class='ocrx_word' id='word_1_313' title='bbox 719 2365 861 2398; x_wconf 84' lang='lat' dir='ltr'><strong>dill&#39;crre</strong></span> <span class='ocrx_word' id='word_1_314' title='bbox 889 2378 908 2398; x_wconf 90' lang='lat' dir='ltr'><strong>a</strong></span> <span class='ocrx_word' id='word_1_315' title='bbox 933 2364 1054 2412; x_wconf 84' lang='lat' dir='ltr'><strong>speeie</strong></span> <span class='ocrx_word' id='word_1_316' title='bbox 1085 2376 1176 2412; x_wconf 86' lang='lat' dir='ltr'><strong>quae</strong></span> <span class='ocrx_word' id='word_1_317' title='bbox 1203 2363 1239 2397; x_wconf 86' lang='lat' dir='ltr'><strong>in</strong></span> <span class='ocrx_word' id='word_1_318' title='bbox 1273 2364 1452 2398; x_wconf 71' lang='lat' dir='ltr'><strong>Critlssno</strong></span> <span class='ocrx_word' id='word_1_319' title='bbox 1485 2360 1667 2410; x_wconf 69' lang='lat' dir='ltr'><strong>provenit,</strong></span> <span class='ocrx_word' id='word_1_320' title='bbox 1699 2357 1820 2391; x_wconf 73' lang='lat' dir='ltr'><strong>adesse</strong></span> <span class='ocrx_word' id='word_1_321' title='bbox 1856 2357 1889 2389; x_wconf 88' lang='lat' dir='ltr'><strong>in</strong></span> <span class='ocrx_word' id='word_1_322' title='bbox 1923 2358 2001 2390; x_wconf 56' lang='lat' dir='ltr'><strong>liu—</strong></span> 
     </span>
     <span class='ocr_line' id='line_1_36' title="bbox 494 2420 2003 2474; baseline -0.007 -11"><span class='ocrx_word' id='word_1_323' title='bbox 494 2430 658 2473; x_wconf 66' lang='lat' dir='ltr'><strong>pum-hia</strong></span> <span class='ocrx_word' id='word_1_324' title='bbox 686 2429 849 2473; x_wconf 69' lang='lat' dir='ltr'><strong>spinosa</strong></span> <span class='ocrx_word' id='word_1_325' title='bbox 880 2428 1036 2474; x_wconf 79' lang='lat' dir='ltr'><strong>speciem</strong></span> <span class='ocrx_word' id='word_1_326' title='bbox 1058 2428 1099 2461; x_wconf 92' lang='lat' dir='ltr'><strong>O.</strong></span> <span class='ocrx_word' id='word_1_327' title='bbox 1129 2427 1279 2461; x_wconf 66' lang='lat' dir='ltr'><strong>minari</strong></span> <span class='ocrx_word' id='word_1_328' title='bbox 1308 2423 1542 2461; x_wconf 56' lang='lat' dir='ltr'><strong>sinfilliumnu</strong></span> <span class='ocrx_word' id='word_1_329' title='bbox 1570 2424 1611 2456; x_wconf 89' lang='grc' dir='ltr'><strong>Ο.</strong></span> <span class='ocrx_word' id='word_1_330' title='bbox 1647 2424 1856 2456; x_wconf 62' lang='lat' dir='ltr'><strong>cruentam</strong></span> <span class='ocrx_word' id='word_1_331' title='bbox 1886 2420 2003 2465; x_wconf 62' lang='lat' dir='ltr'><strong>xigvrc</strong></span> 
     </span>
    </p>
   </div>
   <div class='ocr_carea' id='block_1_7' title="bbox 493 2487 1463 2539">
    <p class='ocr_par' dir='ltr' id='par_1_12' title="bbox 493 2487 1463 2539">
     <span class='ocr_line' id='line_1_37' title="bbox 493 2487 1463 2539; baseline -0.005 -16"><span class='ocrx_word' id='word_1_332' title='bbox 493 2491 525 2523; x_wconf 80' lang='lat' dir='ltr'><strong>in</strong></span> <span class='ocrx_word' id='word_1_333' title='bbox 549 2490 726 2539; x_wconf 74' lang='lat' dir='ltr'><strong>plerisque</strong></span> <span class='ocrx_word' id='word_1_334' title='bbox 750 2489 983 2537; x_wconf 66' lang='lat' dir='ltr'><strong>lrguuxinosis</strong></span> <span class='ocrx_word' id='word_1_335' title='bbox 1005 2487 1292 2530; x_wconf 65' lang='lat' dir='ltr'><strong>sulliuticulosis,</strong></span> <span class='ocrx_word' id='word_1_336' title='bbox 1314 2494 1379 2520; x_wconf 75' lang='lat' dir='ltr'><strong>ele.</strong></span> <span class='ocrx_word' id='word_1_337' title='bbox 1398 2493 1463 2520; x_wconf 74' lang='lat' dir='ltr'><strong>etc.</strong></span> 
     </span>
    </p>
   </div>
  </div>
 </body>
</html>
