2259 3036
440 211 505 247 170
863 208 1109 230 REPERTOIUUM
1139 206 1274 229 FLORAE
1302 205 1514 228 LIGUSTICAE

483 271 721 322 subapliyllis,
741 269 834 306 foliis
855 270 1007 305 caulinis
1025 269 1242 305 trifoliolatis
1259 269 1315 305 vel
1330 281 1470 304 summo
1490 268 1654 317 simplici,
1669 268 1802 304 foliolis
1822 270 1945 314 ovatis,

480 335 710 378 acuminatis,
730 334 893 378 serratis,
909 332 969 368 vel
984 333 1095 368 ovatis
1119 331 1375 367 obtusiusculis
1394 331 1594 381 obtuseque
1609 331 1774 367 dentatis.

484 396 541 432 Ad
559 409 677 446 sepes,
698 395 858 444 locisque
886 395 1087 439 umbrosis,
1116 393 1291 439 humidis,
1318 395 1427 430 etiam
1454 395 1490 428 in
1512 395 1708 439 montanis,
1736 395 1892 430 varietas
1913 394 1949 430 in

435 460 620 497 montibus
639 460 734 494 della
754 459 909 507 Scaggia
931 471 1039 507 supra
1057 459 1173 505 Pegli.
1191 462 1221 492 εἰ

644 559 841 595 CCXXIV.
869 559 1167 594 PIMPINELLA
1192 559 1232 593 L.
1252 580 1302 584 ——
1321 559 1433 592 ENDL.
1453 558 1546 592 Gen.
1567 557 1617 592 n.⁰
1634 557 1745 602 4410.

437 647 520 684 747.
549 649 787 694 Pimpinella
808 649 1002 694 Tragium
1021 647 1126 681 VILL.
1144 646 1236 681 Hist.
1253 645 1385 695 dauph.
1407 658 1438 679 2.
1461 658 1496 694 p.
1518 645 1602 680 606.
1622 644 1698 679 DC.
1720 643 1848 679 Prodr.
1871 645 1902 689 4.
1916 657 1949 693 p.

496 724 572 746 121.
590 725 620 746 α.
637 711 838 758 β.ΒΕ11Το1,.
861 711 918 745 Fl.
936 712 1012 744 ital.
1031 709 1062 744 3.
1075 722 1112 758 p.
1132 709 1214 757 269.

438 776 486 809 Ic.
504 775 698 820 Tragium
719 774 894 809 alterum
915 773 1159 808 DioscoridIS
1174 772 1335 806 Comum.
1353 769 1507 820 Phytob.
1525 769 1580 806 ed.
1598 782 1700 819 neap.
1718 783 1753 819 p.
1771 769 1828 819 76.
1846 769 1951 804 bona.

490 838 536 872 In
555 836 750 885 Apennino
772 835 950 883 genuensi
966 838 1037 869 alle
1058 835 1231 883 Capanne
1250 834 1288 868 di
1301 835 1542 870 Marearuolo
1563 834 1773 877 CfflAPPom,
1794 832 1833 868 in
1854 831 1953 867 alveo

441 899 608 935 torrentis
630 899 775 943 Stat-la,
796 899 1009 934 SAV1GNONE.
1025 896 1061 946 ’ζὶ

490 962 534 997 Ι11
555 961 753 1010 specimine
781 973 800 995 a
827 961 868 995 D.
899 960 1094 996 Cnmppom
1122 959 1236 994 amice
1265 958 1449 1008 impertito
1478 957 1610 1001 caulis,
1638 956 1792 1007 foliaque
1811 957 1954 1006 penitus

442 1024 575 1074 glabra.

442 1123 528 1160 748.
557 1124 795 1169 Pilnpinella
824 1123 1027 1168 saxifraga
1055 1122 1096 1155 L.
1125 1122 1186 1170 Sp.
1217 1134 1249 1169 p.
1279 1120 1360 1170 378.
1390 1120 1460 1155 DC.
1488 1119 1616 1155 Prodr.
1646 1121 1681 1165 4.
1703 1133 1736 1169 p.
1767 1133 1844 1155 120.
1867 1133 1900 1155 α.
1920 1120 1955 1167 β.

492 1188 649 1223 BERTOL.
669 1187 725 1221 Fl.
742 1188 815 1221 ital.
835 1185 865 1220 3.
879 1199 917 1234 p.
935 1184 1018 1220 263.
1035 1206 1084 1210 —
1105 1186 1142 1221 P.
1168 1186 1283 1230 nigra
1306 1185 1449 1221 Witm.
1468 1184 1527 1232 Sp.
1550 1197 1578 1218 1.
1595 1197 1629 1232 p.
1653 1184 1756 1233 1471.

444 1252 491 1285 Ic.
520 1253 556 1286 P.
585 1251 781 1296 saxifraga
812 1249 967 1284 hircina
990 1255 1058 1282 etc.
1078 1247 1232 1281 BARREL.
1254 1247 1350 1281 Icon.
1371 1246 1443 1280 tab.
1467 1247 1550 1295 738.
1571 1259 1694 1282 errore
1717 1245 1783 1281 hoc
1807 1258 1958 1281 numero

495 1314 652 1362 signata,
674 1313 709 1347 in
735 1311 856 1346 tabula
876 1310 1119 1360 praecedente
1147 1309 1214 1345 sub
1242 1308 1309 1345 hoc
1337 1308 1464 1345 eodem
1492 1321 1643 1344 numero
1671 1316 1811 1358 prostat
1838 1308 1959 1358 planta

497 1375 677 1426 quaedam
700 1373 901 1423 didynama.

494 1441 537 1474 In
559 1439 700 1488 pascuis
722 1438 900 1472 montanis
920 1437 1070 1486 apricis,
1094 1437 1235 1485 passim.
1252 1436 1288 1486 25

497 1502 703 1537 varietates
744 1501 882 1548 stirpis,
908 1513 1083 1548 perquam
1112 1497 1368 1547 polymorpliae
1390 1526 1398 1541 ,
1431 1498 1661 1541 innumerae,
1697 1498 1856 1531 occurrit
1888 1496 1961 1545 pal-

448 1567 575 1608 maris,
596 1563 755 1613 pedalis,
775 1563 1013 1611 bipedalisve,
1036 1569 1106 1596 tota
1128 1562 1266 1597 minute
1294 1560 1471 1610 puberula
1504 1572 1698 1596 canescens
1715 1587 1725 1603 ,
1753 1568 1789 1594 et
1814 1559 1938 1608 glabra
1952 1587 1962 1603 ,

447 1627 575 1664 foliolis
604 1626 817 1661 inferiorum
844 1624 1013 1660 soliorum
1040 1623 1294 1667 subrotundis,
1322 1625 1503 1667 cuneatis,
1526 1623 1644 1672 parvis
1667 1630 1703 1658 et
1728 1622 1921 1657 nlaioribus
1944 1635 1962 1657 e

447 1691 525 1726 basi
547 1698 709 1725 truncata
730 1688 800 1723 late
821 1687 1161 1732 ovato-rotundatis,
1182 1688 1294 1722 inciso
1313 1686 1466 1721 dentatis
1484 1713 1494 1730 ‚
1521 1698 1793 1733 nonnumquam
1818 1684 1966 1720 demum

449 1753 579 1789 foliolis
608 1751 796 1788 latitudine
817 1750 1067 1800 pollicaribus,
1088 1748 1426 1786 subrenisormihus.

456 1840 541 1876 749.
571 1842 809 1887 Pimpinella
836 1850 983 1886 magna
1003 1839 1043 1872 L.
1060 1839 1170 1873 Mant.
1188 1837 1234 1871 II.
1252 1849 1293 1872 ex
1312 1836 1399 1872 Cod.
1415 1837 1518 1871 Linn.
1540 1839 1589 1870 n.⁰
1609 1836 1715 1871 2103.
1737 1834 1810 1869 DC.
1838 1834 1965 1870 Prodr.

503 1904 535 1948 4.
557 1917 591 1952 p.
619 1916 695 1950 ¹¹9·
713 1916 744 1937 α.
761 1902 915 1937 Bam-01..
937 1902 993 1935 Fl.
1013 1904 1137 1949 ital.p.
1162 1900 1245 1934 262.

453 1967 502 2001 Ic.
531 1968 734 2012 Saxisraga
753 1975 901 2011 magna
920 1965 1009 1999 Don.
1026 1964 1166 2011 Pempt.
1184 1976 1217 2010 p.
1237 1963 1318 2011 494.

504 2030 546 2064 In
568 2028 708 2078 pascuis
730 2028 909 2063 montanis
930 2039 1037 2075 supra
1061 2026 1224 2060 Dolcedo
1247 2025 1283 2059 in
1302 2024 1448 2074 Liguria
1470 2022 1685 2059 occidentali
1704 2023 1835 2067 Enim,
1860 2023 1897 2057 in
1917 2021 1967 2056 al-

456 2091 562 2140 pibus
583 2090 935 2140 albingaumensibus
956 2097 993 2124 et
1012 2089 1048 2123 in
1070 2089 1260 2138 apenninis
1281 2086 1513 2122 centralibus.
1529 2085 1565 2136 ᾙῖ

508 2156 607 2199 Quas
626 2154 749 2202 accepi
767 2152 833 2188 sub
855 2152 923 2187 hoc
942 2152 1087 2187 nomine
1109 2164 1149 2186 ex
1171 2151 1346 2201 apennino
1366 2150 1549 2199 ligustico,
1577 2148 1761 2198 pertinent
1787 2147 1832 2182 ad
1854 2147 1966 2181 varic-

459 2225 551 2252 tates
571 2215 735 2251 latifolias
757 2215 1018 2265 praecedentis.
1052 2235 1098 2241 —
1132 2214 1229 2249 Haec
1259 2225 1403 2262 quoque
1431 2212 1583 2247 multum
1606 2211 1739 2253 variat,
1761 2217 1799 2245 et
1817 2208 1972 2243 luxuriat

461 2278 647 2315 altitudine
670 2279 862 2329 plusquam
883 2277 1057 2327 bipedali,
1084 2276 1213 2312 foliolis
1241 2275 1411 2310 foliorum
1431 2274 1639 2310 inferiorum
1663 2273 1765 2322 quasi
1786 2270 1971 2320 bipollica-

460 2342 583 2386 ribus,
604 2342 673 2376 late
693 2341 990 2386 cordato-ovans,
1014 2353 1135 2390 grosse
1155 2338 1473 2375 dentato-serratis.
1504 2336 1623 2372 Cauiis
1650 2336 1687 2371 in
1707 2332 1970 2383 exemplaribus

461 2404 682 2440 collectionis
703 2417 802 2440 meae
823 2405 958 2439 minute
980 2403 1048 2439 sub
1071 2403 1168 2438 lente
1188 2401 1596 2451 puber-ulo-canescens,
1624 2397 1746 2448 petioli
1770 2395 1884 2446 glabri
1917 2395 1971 2429 vel

464 2467 648 2515 puberuli,
670 2467 789 2503 foliola
809 2467 876 2502 sub
898 2468 989 2503 vitro
1009 2467 1148 2503 minute
1169 2464 1331 2500 ciliolata.
