2259 3036
794 219 953 242 AUCTORE
980 219 1132 243 sossium
1159 220 1202 242 DE
1230 218 1386 242 NOTAms.
1777 209 1845 242 265

343 281 388 315 Ic.
418 281 562 315 Rmrnss.
582 281 634 316 Pl.
650 282 726 316 crit.
747 281 818 316 tab.
840 282 922 317 363.
944 281 1000 331 fig.
1023 282 1105 327 544.

392 343 433 378 In
453 343 589 393 alpibus
608 343 851 380 nicaeensibus
878 345 971 380 della
989 344 1175 381 Madonna
1200 344 1291 379 delle
1312 344 1476 379 Finestre
1490 371 1500 388 ‚
1527 356 1567 379 ex
1593 342 1690 379 herb.
1711 343 1754 378 H.
1775 344 1845 379 bot.

342 408 468 441 taurin.
490 406 525 456 ᾋΕ

341 502 452 539 1179.
482 505 705 551 Phyteuma
727 506 947 551 paucissora
966 506 1005 539 L.
1023 505 1080 555 Sp.
1095 519 1130 555 p.
1147 506 1229 550 241.
1245 507 1285 540 A.
1299 505 1373 541 DC.
1388 507 1424 541 in
1438 506 1511 541 DC.
1527 506 1650 542 Prodr.
1667 520 1698 557 7.
1714 521 1747 557 p.
1764 508 1845 551 450.

390 567 545 600 BERTOL.
567 567 625 601 Fc.
645 569 718 602 ital.
741 580 773 602 2.
788 581 827 616 p.
849 568 931 603 530.
956 581 988 602 α.

341 629 387 663 Ic.
419 629 563 663 Rmcnss.
583 629 634 663 Pl.
656 630 733 664 crit.
755 626 826 664 tab.
849 629 931 674 364.
952 629 1009 680 fig.
1031 630 1114 675 545.

392 691 433 724 In
453 691 590 739 pascuis
609 690 816 727 editioribus
837 692 969 741 alpium
988 693 1249 728 maritimarum
1266 693 1427 743 vulgaris.
1447 693 1483 743 ᾙῖ

339 776 450 813 1180.
479 780 702 825 Phyteuma
723 780 967 816 orbicularis
984 780 1024 814 L.
1038 780 1095 829 Sp.
1108 794 1142 829 p.
1157 781 1238 825 242.
1250 780 1290 815 A.
1303 780 1375 815 DC.
1391 781 1427 815 in
1441 780 1514 815 DC.
1527 780 1649 816 Prodr.
1667 794 1698 830 7.
1714 795 1747 830 p.
1765 781 1846 825 451.

388 840 546 875 BERTOL.
567 841 624 876 Fl.
645 844 718 876 ital.
742 855 772 876 2.
787 856 826 891 ρ.
848 842 930 877 535.

340 902 386 938 Ic.
416 905 455 939 P.
485 905 649 941 cordata
678 908 719 940 et
746 906 922 951 elliptica
941 905 1155 941 V1L1..Hist.
1177 904 1305 955 dauph.
1326 905 1396 940 tab.
1425 919 1476 941 12.

388 965 430 999 In
449 967 586 1014 pascuis
605 966 749 1001 collium
767 968 943 1002 montium
962 969 1193 1016 genuensium
1217 975 1252 1003 et
1277 969 1311 1003 in
1332 968 1463 1018 alpium
1482 969 1666 1004 maritimis
1686 968 1848 1017 frequen-

339 1029 483 1063 tissima.
503 1027 538 1077 775

388 1090 430 1125 In
447 1092 586 1140 pascuis
606 1091 740 1127 collinis
760 1092 907 1127 Genuae
933 1092 1198 1128 imminentibus
1216 1092 1334 1143 duplo
1361 1093 1508 1143 triplove
1536 1094 1647 1129 maior
1666 1107 1705 1128 ac
1732 1094 1769 1128 in
1797 1095 1845 1128 al-

337 1152 440 1201 pibus
467 1155 673 1198 maritimis,
702 1153 834 1203 pedalis
870 1154 1082 1204 bipedalisve
1115 1156 1392 1205 speciosissima!
1434 1156 1525 1191 Huic
1563 1156 1645 1191 folia
1684 1156 1848 1191 radicalia

338 1228 441 1265 saepe
468 1215 742 1265 bi—3-pollicaria
757 1245 766 1261 ‚
794 1216 937 1252 cordata
956 1246 966 1262 ‚
1006 1217 1058 1252 vel
1085 1217 1227 1267 oblique
1267 1217 1582 1267 cordato-oblonga
1597 1247 1606 1263 ‚
1644 1219 1823 1254 crenulata
1839 1248 1846 1262 7

337 1279 510 1323 coriacea,
539 1279 575 1312 in
611 1279 781 1328 petiolum
813 1278 1056 1325 decurrentia,
1084 1280 1238 1330 capitula
1265 1282 1420 1330 speciosa
1446 1281 1569 1316 laetius
1597 1281 1772 1316 colorata:
1812 1283 1846 1315 in

338 1339 542 1376 editioribus
562 1349 685 1376 contra
712 1343 766 1377 vix
791 1341 987 1391 spithamea
1001 1371 1010 1387 ‚
1039 1342 1128 1378 foliis
1155 1342 1365 1379 radicalibus
1392 1343 1579 1393 plusquam
1606 1342 1713 1393 duplo
1740 1345 1849 1379 mino-

338 1403 455 1447 ribus,
484 1402 756 1440 cordato-ovatis
775 1404 908 1440 obtusis
923 1434 932 1450 ,
951 1405 1005 1441 vel
1026 1405 1412 1455 oblongo-lanceolatis,
1440 1406 1683 1442 lanceolatisve
1710 1406 1847 1442 brevius

338 1465 522 1515 petiolatis.

340 1565 451 1602 1181.
481 1570 705 1615 Phyteuma
734 1571 910 1606 Michelii
938 1570 1093 1605 BERTOL.
1114 1570 1170 1605 Fl.
1189 1573 1261 1606 ital.
1284 1584 1315 1605 2.
1329 1584 1367 1619 p.
1390 1571 1471 1618 539.
1493 1571 1575 1606 excl.
1596 1573 1662 1607 Ph.
1684 1573 1846 1606 Betoni-

389 1632 568 1667 caesolia.
597 1653 646 1657 —
674 1633 741 1668 Ph.
761 1634 955 1680 Michelii,
975 1635 1348 1670 scorzonerisolium
1367 1634 1406 1667 A.
1428 1633 1500 1667 DC.
1519 1635 1555 1667 in
1575 1633 1648 1668 DC.
1669 1632 1791 1667 Prodr.
1814 1647 1844 1681 7.

385 1706 418 1741 p.
442 1693 526 1738 452.
549 1694 632 1738 453.
653 1694 811 1728 BERGAM.
835 1695 902 1730 Git.
923 1709 1023 1744 apen.
1043 1699 1066 1730 l.
1089 1709 1119 1730 c.
1136 1710 1174 1745 ρ.
1198 1709 1279 1745 217.

338 1754 382 1789 Ic.
413 1757 479 1791 Ph.
510 1758 684 1792 Michelii
714 1758 799 1791 ALL.
821 1758 964 1807 FLpecl.
982 1758 1051 1792 tal).
1069 1772 1100 1807 7.
1117 1757 1173 1808 fig.
1192 1759 1223 1793 3.
1246 1781 1293 1785 —
1307 1761 1373 1795 Ph.
1396 1759 1721 1795 scorzonerisolia
1743 1760 1841 1791 Vmb-

387 1818 476 1853 Hist.
498 1817 626 1868 dauph.
646 1819 716 1854 tab.
745 1820 796 1854 13.

389 1879 479 1914 Cum
499 1880 732 1930 praecedente
751 1894 861 1931 aeque
880 1881 1057 1931 frequens.
1079 1882 1114 1931 ᾙῖ

388 1941 441 1976 Cf.
462 1942 513 1976 Fl.
535 1943 605 1977 ital.
626 1944 647 1977 l.
669 1957 697 1978 c.
719 1944 762 1979 de
778 1944 910 1980 lusibus
932 1944 1078 1980 huiusce
1098 1946 1226 1994 stirpis.
1259 1946 1370 1980 Porro
1401 1947 1462 1995 qui
1492 1946 1622 1995 pluries
1653 1946 1776 1981 nativis
1807 1947 1842 1979 in

337 2004 477 2039 sedibus
505 2017 582 2039 eam
610 2005 844 2041 observaverit
863 2036 872 2052 ⁷
899 2008 935 2041 in
964 2009 1173 2042 sententiam
1201 2008 1242 2042 cl.
1270 2008 1491 2043 BERTOLONH
1519 2022 1590 2044 non
1617 2009 1747 2058 poterit
1773 2021 1842 2043 non

336 2066 499 2102 incidere.
521 2070 587 2104 Ph.
609 2071 923 2106 Betonieaesolia
942 2069 1059 2105 differt
1078 2084 1097 2104 a
1117 2072 1183 2106 Ph.
1205 2072 1381 2107 Michelii
1400 2071 1488 2120 stylo
1508 2069 1636 2106 trifido.

338 2153 446 2190 1182.
477 2157 698 2202 Phyteuma
727 2157 874 2192 Halleri
901 2157 987 2190 ALL.
1006 2157 1062 2191 Fl.
1079 2157 1160 2206 ped.
1187 2171 1214 2191 1.
1229 2171 1266 2206 p.
1294 2171 1303 2191 1
1319 2158 1370 2193 16.
1386 2158 1426 2192 A.
1443 2157 1515 2192 DC.
1528 2158 1564 2192 in
1579 2157 1651 2192 DC.
1668 2157 1790 2192 Prodr.
1810 2172 1840 2206 7.

386 2231 418 2266 p.
441 2217 523 2261 453.
546 2218 700 2252 Bsswrm..
722 2219 778 2253 Fl.
800 2222 872 2253 ital.
897 2232 926 2253 2.
944 2233 981 2267 ρ.
1004 2220 1086 2263 545.
1115 2241 1164 2245 —-—
1190 2222 1257 2256 Ph.
1280 2224 1447 2257 ovatum
1474 2221 1577 2254 BALB.
1600 2228 1633 2256 et
1653 2220 1760 2255 Nocc.
1784 2221 1838 2254 ΡΙ.

384 2283 481 2314 ticin.
510 2294 589 2329 1.p.
619 2294 695 2315 102.

336 2343 381 2377 Ie.
411 2345 698 2389 Rapuneulum
727 2346 1021 2390 alopecourum·
1044 2347 1127 2380 Lon.
1149 2345 1243 2380 Icon.
1265 2360 1297 2395 p.
1319 2348 1400 2394 892.

386 2406 427 2440 In
448 2407 586 2455 pascuis
606 2408 780 2442 montanis
800 2408 976 2456 Apennini
995 2407 1197 2444 bobbiensis
1229 2409 1392 2443 BALSAMO
1410 2438 1417 2451 ‚
1449 2410 1558 2444 Bmm
1576 2438 1584 2453 7
1614 2410 1813 2444 SAvmmw,
1832 2438 1838 2446 .

335 2468 542 2505 elavarensis
557 2498 565 2513 ‚
585 2471 784 2505 savonensis
802 2499 810 2514 ,
831 2478 864 2506 et
884 2471 918 2505 in
938 2470 1074 2520 alpibus
1095 2473 1289 2507 maritimis.
1310 2472 1345 2520 775
