2259 3036
786 167 946 191 AUCTORE
971 165 1121 189 JOSEPHO
1150 165 1193 187 DE
1221 162 1377 186 NOTARIS.
1765 147 1835 182 263

336 233 445 271 1171.
475 233 710 270 Hieracium
737 233 934 278 sylvestre
954 229 1106 263 TAUscn.
1126 249 1176 254 —
1195 239 1235 262 ex
1253 225 1366 260 Froel.
1382 226 1419 258 in
1433 223 1506 258 DC.
1521 222 1646 258 Prodr.
1661 235 1738 271 7.p.
1758 222 1837 256 255.

385 319 434 324 —
453 299 497 332 H.
518 297 682 332 Boreale
702 293 809 328 FmEs
828 292 914 327 Nov.
935 291 987 326 Fl.
1007 304 1099 326 suec.
1119 289 1173 326 ed.
1196 303 1227 324 2.
1249 303 1283 338 p.
1310 288 1388 323 161.
1408 286 1513 321 Kocn
1533 286 1613 335 Syn.
1635 299 1669 335 p.
1689 285 1772 330 460,
1792 307 1838 310 —-

386 362 429 395 H.
453 360 685 396 Sabaudum
711 357 751 390 L.
772 355 825 389 Fl.
846 367 937 390 suec.
958 367 998 388 ex
1017 360 1106 388 auct.
1127 353 1185 387 cit.
1206 352 1328 385 Smrffl.
1350 349 1453 398 Engl.
1473 348 1525 383 Fl.
1548 349 1579 383 3.
1600 362 1634 397 p.
1656 348 1738 383 368.

336 423 381 457 Ic.
411 424 455 458 H.
485 422 655 458 sabaudi
682 419 859 455 varietas
886 418 966 453 alia
995 415 1125 449 CHABR.
1146 414 1275 462 Sciagr.
1295 426 1329 462 p.
1351 412 1434 446 321.
1454 423 1494 446 ex
1510 411 1621 445 Bion.

385 485 426 519 I'n
446 483 617 533 sylvaticis
636 479 736 517 valde
753 478 929 528 frequens.
950 477 986 527 735

384 545 497 581 Valde
524 542 774 586 ludibundum,
802 542 1034 578 Hieracium
1061 540 1289 575 sabaudum
1318 534 1530 586 quandoque
1561 536 1704 570 omnino
1723 547 1864 577 aemu-,

336 611 420 645 lans.
449 610 503 643 An
523 608 591 642 huc
609 609 652 642 H.
674 606 838 643 lactaris
857 602 1025 638 Bssnron?
1044 623 1093 628 —
1121 602 1360 638 Genuinum
1379 601 1422 635 H.
1444 600 1714 635 umbellatum
1732 599 1769 632 in
1787 598 1843 631 Li-

335 673 434 721 guria
452 683 564 720 usque
584 668 628 704 ad
646 668 741 720 hanc¹
756 666 849 702 diem
868 679 939 701 non
958 665 1149 701 observavi.

336 794 446 832 1172.
476 794 711 830 Hieracium
739 793 982 839 sylvaticum
1009 789 1165 823 BERTOL.
1198 789 1253 823 Pl.
1276 799 1446 834 genuens.
1468 799 1505 834 ρ.
1532 786 1610 829 184.
1644 785 1760 819 Temo
1788 786 1841 818 Pl.

386 861 519 893 clavar.
535 870 572 906 ρ.
597 856 652 900 24.

337 921 382 955 Ic.
412 920 620 956 Pilosellae
642 919 810 954 maioris
836 917 922 952 sive
950 915 1237 951 Pulmonariae
1266 915 1400 949 luteae
1429 913 1584 957 species
1612 912 1842 956 angustisol.

388 982 519 1016 CHABR.
541 982 671 1030 Sciagr.
691 994 725 1029 p.
747 979 828 1022 324.
858 999 906 1004 —
934 977 1193 1013 Pulmonaria
1215 976 1416 1022 gallorum
1443 976 1539 1009 flore
1558 975 1732 1009 Hieracii
1760 973 1843 1006 Loss.

389 1046 484 1081 Icon.
506 1059 539 1094 p.
562 1044 644 1092 587.
666 1065 713 1068 —
733 1044 776 1078 H.
796 1052 1012 1078 murorum
1040 1040 1126 1073 Ari..
1147 1039 1204 1073 Fl.
1220 1038 1300 1087 ped.
1321 1037 1391 1072 tab.
1414 1039 1470 1072 28.
1491 1035 1548 1085 fig.
1574 1050 1601 1070 1.

390 1109 430 1142 In
450 1108 623 1157 sylvaticis
642 1105 783 1140 collium
802 1104 1043 1153 ligusticorum
1062 1102 1309 1151 copiosissime.
1330 1099 1366 1149 ᾋΕ

389 1171 512 1205 Icones
540 1167 711 1203 adductae
736 1167 946 1201 variationes
973 1165 1114 1214 plantae
1145 1171 1285 1198 nostrae
1318 1162 1503 1197 nonnullas
1541 1160 1721 1203 referunt,
1758 1173 1846 1209 quae

341 1233 587 1269 certo-certius
615 1230 659 1265 ad
681 1233 724 1266 H.
745 1231 989 1277 sylvaticum
1017 1227 1124 1262 celeb.
1152 1227 1392 1270 BERTOLOMI,
1421 1233 1497 1259 tum
1522 1237 1563 1259 ex
1590 1223 1846 1273 descriptione⁷

339 1311 419 1331 cuin
447 1309 487 1330 ex
514 1295 589 1330 loco
617 1301 651 1328 et
678 1293 941 1342 comparatione
968 1290 1220 1339 exemplarium
1248 1289 1292 1323 ab
1328 1301 1368 1323 eo
1405 1300 1544 1322 mecum
1581 1287 1846 1321 communicatis

338 1360 391 1394 vel
410 1358 506 1394 herb.
528 1358 671 1391 Vwmm
692 1356 893 1399 asservatis,
913 1361 1090 1403 spectant:
1119 1366 1204 1387 num
1232 1364 1314 1387 vero
1340 1349 1552 1400 respondeat
1579 1352 1622 1385 H.
1652 1351 1847 1396 sylvatico

341 1430 523 1457 auctorum
550 1419 676 1454 Florae
703 1418 925 1467 germanicae
952 1415 1113 1451 decidere
1132 1428 1279 1463 nequeo.
1301 1414 1331 1448 A
1349 1413 1470 1463 planta
1489 1413 1699 1447 FROEmcHu
1719 1413 1754 1446 in
1774 1412 1845 1445 DC.

340 1483 463 1519 Prodr.
484 1484 504 1517 l.
526 1497 554 1517 c.
589 1489 708 1516 noster
734 1479 833 1515 valde
860 1479 977 1514 differt
1003 1478 1092 1513 foliis
1120 1476 1362 1527 superioribus
1390 1475 1566 1511 sessilibus
1588 1504 1595 1519 ‚
1626 1473 1848 1510 inferioribus

340 1559 442 1596 saepe
469 1546 579 1580 multo
607 1543 801 1578 minoribus
820 1550 859 1577 ut
876 1543 913 1576 in
932 1542 1037 1576 Icone
1054 1542 1203 1575 LOBELu
1214 1568 1222 1584 ,
1242 1539 1430 1574 involucris
1450 1537 1544 1573 haud
1561 1536 1809 1586 glanduligcris
1822 1541 1846 1570 ll

340 1623 456 1659 pappo
478 1607 621 1643 definite
640 1606 738 1641 albo!
758 1634 765 1649 ‚
786 1618 850 1640 nec
871 1618 952 1640 cuin
972 1607 1016 1639 H.
1034 1615 1250 1639 murorum
1270 1602 1468 1651 comparari
1486 1608 1651 1635 meretur.

567 1707 771 1741 CCCLXX.
802 1704 1057 1739 ANDRYALA
1084 1705 1123 1737 L.
1154 1726 1201 1729 ——
1229 1702 1301 1736 DC.
1322 1700 1446 1736 Prodr.
1467 1706 1516 1735 n.⁰
1538 1702 1617 1745 244.

344 1796 452 1832 1175.
482 1797 683 1842 Andryala
715 1795 962 1841 integrisolia
989 1793 1028 1826 L.
1058 1792 1115 1841 Sp.
1144 1806 1178 1840 p.
1200 1791 1303 1825 1136.
1333 1789 1406 1823 DC.
1421 1787 1545 1823 Prodr.
1568 1802 1599 1837 7.
1615 1802 1649 1837 p.
1668 1788 1748 1832 246.
1766 1801 1796 1822 α.
1818 1802 1847 1834 γ.

392 1861 478 1894 Am..
499 1859 645 1908 Fl.ped.
672 1872 746 1905 1.p.
767 1858 848 1891 231.
871 1856 987 1890 Temo
1006 1857 1060 1890 Pl.
1076 1858 1259 1902 elewanp.
1283 1852 1338 1888 25.
1359 1852 1515 1886 BEnToL.
1535 1851 1692 1886 Luc-abr.
1705 1864 1741 1899 ρ.
1761 1851 1815 1885 25.

345 1923 390 1957 lc.
422 1924 606 1958 Sonchus
635 1922 799 1957 lanatus
826 1919 1098 1963 Dalechampii
1127 1916 1218 1951 Hist.
1239 1916 1348 1966 plant.
1368 1929 1402 1964 p.
1425 1929 1435 1949 1
1450 1915 1527 1949 116.

394 1985 434 2018 In
455 1982 560 2018 aridis
580 1983 730 2031 regionis
749 1982 956 2016 olivetorum
973 1979 1268 2029 frequentissima.
1285 1978 1336 2027 [D

393 2047 433 2080 In
455 2044 665 2080 aridioribus
692 2045 901 2093 plerumque
927 2044 1067 2086 minor,
1095 2042 1194 2077 caule
1221 2040 1403 2090 graciliore
1430 2053 1449 2074 a
1481 2038 1556 2073 basi
1586 2037 1638 2072 vel
1670 2039 1851 2086 superiora

344 2123 462 2145 versus
490 2116 629 2143 tantum
656 2120 818 2151 ramoso,
846 2105 934 2141 foliis
962 2104 1247 2154 angustioribus,
1275 2111 1418 2152 totaque
1446 2101 1555 2136 herba
1594 2101 1704 2149 inagis
1745 2113 1847 2134 cane—

345 2181 478 2208 scente:
497 2173 543 2210 lin
570 2169 814 2220 pinguioribus
842 2168 986 2203 robusta
1012 2166 1182 2217 bipedalis
1209 2174 1243 2201 et
1269 2166 1362 2200 ultra
1379 2194 1386 2207 ‚
1415 2164 1504 2200 foliis
1531 2163 1712 2198 latioribus
1735 2175 1851 2211 grosse

345 2235 512 2276 dentatis,
532 2233 692 2284 capitulis
712 2231 911 2268 maiusculis
932 2239 966 2266 ct
984 2229 1292 2265 fulvo—canescens.
