2259 3036
497 159 569 204 486
930 166 1177 189 nrzpl-:RTORIUM
1208 164 1338 187 FLORAE
1366 162 1572 185 LiGUSTICAE

500 234 661 270 Galium
689 231 854 267 saxatilc
883 230 970 264 Am„
988 230 1044 264 Fl.
1057 228 1140 277 ped.
1157 231 1206 262 n.⁰
1230 239 1283 276 ¹7·
1299 247 1349 252 —
1366 225 1409 260 In
1431 223 1645 260 editioribus
1667 223 1850 258 montibus
1872 222 1905 257 S.
1928 223 2007 257 Ste-

551 294 680 344 phani,
701 291 961 327 nicaeensibus.

1077 388 1428 424 VALERIANEAE

504 483 780 519 Centranthus
809 505 1043 515 ..........
1058 478 1273 514 Valeriana
1295 476 1558 521 angustifolia
1579 474 1664 507 Am„
1681 473 1738 508 Fl.
1749 471 1831 521 ped.
1847 476 1897 506 n.⁰
1918 483 1948 505 2.
1964 491 2013 497 —

555 546 593 580 In
614 543 781 578 maceriis
801 542 981 591 Ligurum
998 540 1057 575 ubi
1079 546 1230 574 vocatur
1253 539 1454 582 Cor-mella,
1473 536 1560 572 Am„

504 608 717 644 Valeriana
738 606 918 641 saxatilis
936 605 976 638 L.
993 625 1016 629 -
1036 604 1123 637 Am„
1139 603 1195 637 Fl.
1205 601 1291 650 ped.
1308 599 1356 636 n.⁰
1381 613 1474 634 11.--
1494 600 1534 633 In
1554 597 1735 633 montibus
1751 595 2012 632 nicaeensibus.

504 671 716 705 Valeriana
745 669 885 704 celtica
914 666 1000 701 ALL.
1018 666 1074 700 Fl.
1087 664 1172 713 ped.
1188 663 1238 698 n.⁰
1261 665 1294 697 8.
1310 684 1360 688 --
1378 662 1536 698 Nardus
1555 662 1695 697 celtica
1716 661 1800 694 Lon.
1817 658 1963 694 Advers.
1981 671 2015 706 p.

563 732 642 766 132.
660 752 707 756 -—
726 730 769 764 In
788 729 954 778 Liguriae
973 727 1104 775 aipinis
1123 724 1309 761 sterilibus
1326 737 1398 758 non
1419 722 1547 772 procul
1566 736 1584 757 a
1603 722 1742 757 Savona
1761 734 1804 757 ex
1823 722 1955 763 LoBEL,
1975 732 2016 754 ex

555 806 627 842 quo
652 793 848 827 ALmons
868 789 1081 838 desumpsit.

508 857 625 892 chia
651 854 927 898 Cornucopiae
947 851 1018 886 DC.
1036 872 1083 878 ——
1103 851 1317 887 Valeriana
1333 848 1611 893 Cornucopiae
1630 847 1672 882 L.
1688 866 1736 871 —
1755 845 1841 880 Am„
1856 844 1965 878 Λιιει.
1978 857 2016 891 ρ.

564 931 590 950 1.
608 937 652 943 —
673 917 715 950 In
734 928 817 964 agro
836 913 1028 948 nicaeensi.

507 980 772 1016 Valerianella
794 978 1015 1013 tridentata
1034 975 1178 1009 Rmcnn.
1195 973 1248 1008 Fl.
1265 984 1399 1008 excurs.
1416 975 1466 1006 n.⁰
1482 984 1493 1005 1
1506 971 1585 1006 188.
1601 991 1650 996 -
1663 970 1783 1006 Pedia
1798 970 2019 1005 tridentata

558 1041 658 1075 va.
676 1061 721 1068 —
742 1039 994 1076 AvE-LALLEM.
1010 1038 1065 1074 De
1079 1035 1248 1085 qzcibusd.
1259 1037 1311 1084 pl.
1329 1035 1409 1069 Ital.
1421 1047 1459 1083 p.
1479 1047 1510 1082 7.
1526 1052 1572 1060 —
1584 1032 1736 1071 Nicaeae
1757 1031 2010 1067 Ave-Linum.

1130 1133 1397 1170 DIPSACEAE

511 1230 696 1265 Scabiosa
723 1227 912 1272 ambigua
937 1224 1187 1259 Ave-LALLEM.
1205 1223 1259 1257 De
1277 1220 1447 1270 quibusd.
1464 1222 1518 1268 pl.
1536 1219 1617 1254 Ital.
1630 1232 1667 1267 p.
1684 1219 1718 1255 8.
1734 1237 1779 1245 -
1805 1216 1957 1252 Nicaeae
1976 1214 2021 1249 ad

563 1292 716 1326 Varum.

515 1355 700 1390 Scabiosa
722 1353 881 1387 stellata
900 1351 940 1384 L.
959 1370 1005 1374 —-
1026 1349 1114 1383 ALL.
1130 1348 1185 1382 H.
1198 1347 1281 1396 ped.
1298 1350 1347 1380 n.⁰
1367 1346 1450 1381 513.
1466 1365 1515 1371 —
1534 1345 1575 1379 In
1595 1344 1686 1379 arvis
1705 1350 1742 1377 et
1756 1354 1858 1378 secus
1874 1341 2023 1376 flumina

564 1417 599 1450 in
620 1427 705 1463 agro
724 1412 905 1448 nicaeensi
926 1412 1013 1445 Am„
1030 1411 1085 1444 An
1107 1409 1233 1444 eadem
1252 1422 1291 1443 ac
1313 1415 1435 1442 nostra
1452 1409 1487 1443 S.
1508 1404 1661 1443 mixta?

516 1479 706 1514 Petasites
727 1501 961 1510 ..........
978 1474 1187 1518 Tussilago
1205 1474 1325 1507 nivea
1341 1470 1500 1505 BERGAM.
1520 1469 1590 1504 Glt.
1606 1480 1736 1517 apenn.
1753 1471 1775 1503 ἰ.
1790 1479 1821 1502 c.
1840 1480 1872 1515 7.
1885 1480 1922 1515 ρ.
1944 1467 2021 1514 274.

564 1563 613 1567 ——
633 1541 674 1575 In
698 1538 889 1588 apenninis
909 1534 1181 1571 bobbiensibus.
1198 1555 1247 1559 —
1265 1534 1319 1568 An
1338 1536 1380 1568 T.
1403 1530 1544 1569 alba??

1059 1646 1274 1681 COMPO
1294 1644 1487 1680 SITAE

1058 1748 1085 1781 Ῐ.
1115 1743 1491 1782 CORYMBIFERAE

524 1853 837 1898 ssnphthahnnm
866 1850 1120 1885 maritimum
1147 1847 1187 1880 L.
1220 1865 1266 1872 —
1299 1841 1554 1890 ALL.Fl.pcd.
1571 1840 1621 1876 n.⁰
1640 1840 1790 1876 652.-
1808 1838 1960 1874 Nicaeae
1984 1838 2026 1872 ad

572 1914 677 1949 maris
696 1913 814 1948 litora.

376 2006 503 2025 M!
522 1979 758 2023 Carpesiunl
777 1985 978 2011 cernuum
996 1973 1036 2007 L.
1054 1992 1098 1999 —
1113 1972 1230 2006 Temo
1247 1970 1300 2004 Pl.
1317 1971 1452 2003 elavar.
1465 1980 1503 2015 p.
1519 1966 1578 2002 26.
1594 1964 1697 1999 —In
1712 1963 1792 1999 villa
1806 1963 2022 2010 Carsfitceia

574 2053 594 2073 α
615 2041 828 2085 Borgotaro
851 2049 892 2071 ex
916 2036 1046 2070 TUmo.

429 2121 498 2136 „w
528 2104 725 2147 Micl·opus
745 2102 919 2145 supinus
932 2099 972 2132 L.
989 2119 1036 2123 —
1052 2097 1136 2131 Am„
1155 2096 1208 2130 Fl.
1221 2094 1303 2143 ped.
1314 2091 1456 2128 n.⁰618.
1473 2112 1521 2117 -—
1539 2090 1689 2125 Nicaeae
1707 2088 1751 2123 ad
1771 2088 1874 2123 litora
1890 2099 1930 2122 ex
1943 2087 2027 2120 Am„

575 2185 623 2189 —
645 2164 700 2197 An
720 2158 1014 2208 bombycinus?

530 2229 658 2271 Filago
680 2225 866 2261 al'vensis
889 2223 1007 2257 TURIO
1029 2223 1083 2256 Pl.
1101 2223 1236 2255 elavar.
1248 2233 1286 2268 p.
1304 2218 1361 2253 26.
1379 2238 1426 2244 —-
1441 2217 1552 2251 Secus
1566 2216 1638 2250 vias
1652 2220 1876 2262 campestres
1894 2212 1929 2246 in
1945 2223 2030 2258 agro

576 2287 783 2322 clavarensi.
802 2306 848 2313 —
869 2286 922 2320 An
944 2286 1078 2330 Filago
1100 2284 1242 2329 gallica
1264 2288 1326 2316 aut
1345 2275 1624 2327 germanicaPP

531 2351 744 2386 Artemisia
765 2349 904 2395 gallica
925 2347 985 2381 W.
1004 2366 1049 2373 —-
1070 2346 1143 2379 DC.
1160 2343 1287 2379 Prodr.
1303 2343 1336 2378 6.
1354 2356 1388 2391 p.
1412 2354 1490 2376 102.
1508 2361 1553 2367 —
1573 2339 1727 2375 Nicaeae
1748 2349 1788 2373 ex
1806 2336 1880 2371 DC.

533 2412 744 2449 Artemisia
774 2412 959 2456 sragrans
979 2408 1037 2442 W.
1056 2428 1102 2435 —
1120 2407 1227 2441 BALn.
1244 2406 1352 2442 Misc.
1372 2407 1482 2451 amp.
1501 2403 1558 2439 31.
1576 2422 1621 2429 —
1640 2401 1682 2436 In
1705 2398 1873 2448 glareosis
1893 2395 2030 2430 mariti*

518 2507 522 2512 o
582 2474 647 2508 mis
668 2484 780 2520 prope
801 2473 926 2506 Loano
950 2470 1043 2503 Bm}
