2259 3036
698 177 861 201 AUCTORE
888 176 1039 199 Josnpno
1068 177 1110 198 m:
1140 175 1297 198 somnis.
1702 161 1740 193 13

289 245 409 281 ric-atis
436 243 572 287 bifidis,
602 239 793 289 medioque
826 238 944 274 trifido
962 240 1016 274 vix
1037 238 1207 282 dentatis,
1228 237 1388 286 supremi
1411 236 1579 284 tripartiti
1605 235 1744 269 laciniis

291 306 499 342 linearibus.

243 371 289 405 Ic.
320 373 362 406 R.
392 369 538 405 nivalis
566 367 611 401 II.
640 366 782 400 CRAN‘rz
811 364 918 411 Stirp.
948 370 1058 397 austr.
1087 375 1120 397 2.
1148 375 1182 410 p.
1218 360 1296 396 116.
1325 360 1396 394 tab.
1427 360 1458 403 4.
1488 359 1542 408 fig.
1574 360 1624 404 41

292 434 333 467 In
361 431 501 481 pascuis
527 428 707 463 montanis
735 440 807 461 una
835 438 918 460 cum
945 424 1193 473 praecedente.

293 495 484 529 Structura
512 491 642 525 florum
672 489 819 524 omnino
847 486 970 522 eadem
1000 501 1041 521 ac
1069 488 1105 521 in
1134 499 1209 519 var.
1240 499 1283 527 α,
1312 496 1375 518 nec.
1398 483 1444 518 ob
1465 483 1672 518 discrimina
1693 482 1748 517 hic

243 556 402 606 exposita
430 554 475 589 ab
504 566 545 588 ea
565 550 801 595 divellendus‚
816 563 857 585 eo
872 550 982 597 magis
996 548 1093 597 quod
1108 549 1143 582 in
1160 546 1418 596 speciminibus
1432 544 1475 580 ad
1492 547 1645 594 priorem
1663 557 1746 594 spe·

243 618 442 661 etantibus,
464 616 610 651 laciniae
632 613 797 649 foliorum
819 611 1042 647 caulinorum
1063 610 1246 651 dentatae,
1266 609 1444 656 solitoque
1467 608 1609 642 latiores
1631 620 1746 655 quan-

246 682 362 730 doque
390 679 634 728 reperiuntur.
664 678 839 711 Auctores
862 686 989 710 omnes
1007 674 1070 722 qui
1084 671 1128 706 ad
1145 683 1271 706 manus
1289 679 1372 706 sunt
1386 671 1485 705 Icon.
1501 671 1559 704 cit.
1581 670 1749 705 merzu

245 744 388 792 penitus
415 741 516 777 obliti
544 747 637 775 sunt.
1221 726 1222 729 ¹

245 866 305 903 34.
336 867 603 903 Ranunculus
631 866 734 900 acris
762 864 801 897 L.
832 863 889 911 Sp.
920 875 952 910 p.
984 874 1066 910 779.
1096 861 1168 894 DC.
1199 858 1323 894 Prodr.
1360 873 1385 892 1.
1414 871 1448 906 p.
1472 857 1530 892 36.
1557 857 1673 891 Tuam
1696 857 1748 890 Pl.

296 932 428 963 clavar.
453 941 490 976 p.
526 929 578 962 18.

249 993 294 1025 le.
324 993 365 1026 R.
397 990 598 1026 hortensis
626 988 672 1021 II.
701 987 790 1021 Don.
820 987 925 1033 Purg.
954 999 988 1033 p.
1021 984 1101 1033 275.

297 1054 336 1087 In
366 1051 507 1101 pascuis
534 1048 689 1084 humidis
717 1047 800 1083 hinc
828 1046 973 1095 indesgl:

301 1115 421 1147 Variat
448 1112 542 1160 apud
568 1123 633 1145 nos
661 1118 792 1144 statura
822 1108 937 1157 pedali
966 1108 1022 1142 vel
1049 1106 1226 1155 bipedali,
1255 1106 1422 1154 foliisque
1452 1104 1495 1139 ad
1524 1105 1638 1138 hasim
1680 1103 1752 1138 fere

250 1176 409 1225 partitiS,
438 1174 494 1208 vel
520 1171 770 1214 inferioribus⁷
797 1170 1008 1219 praesertim
1032 1169 1065 1202 in
1088 1168 1173 1202 locis
1195 1167 1463 1216 pinguioribus,
1482 1167 1659 1210 uisentis,
1681 1165 1753 1200 sere

249 1238 413 1280 tei-natis,
441 1235 634 1284 segmentis
660 1233 741 1283 plus
770 1233 934 1267 minusve
963 1230 1140 1279 profunde
1161 1229 1314 1264 dentatis
1330 1257 1340 1273 >
1362 1230 1503 1272 incisis,
1523 1229 1753 1270 laciniatisve‚

250 1301 330 1349 plus
358 1300 521 1334 minusve
548 1297 638 1331 latis.
666 1297 707 1330 In
735 1295 910 1329 montanis
938 1294 1156 1343 plerumque
1185 1301 1319 1327 statura
1359 1291 1599 1340 carpellisque
1641 1291 1755 1325 mino-

252 1363 351 1397 ribus
380 1361 548 1397 occurrit.
577 1359 759 1394 Glabrum
786 1357 970 1406 hucusque
998 1369 1070 1390 non
1100 1354 1182 1389 vidi.

251 1486 311 1522 525.
342 1486 610 1522 Ranunculus
638 1494 878 1520 nemorosus
906 1482 980 1516 DC.
1011 1482 1100 1529 Syst.
1137 1493 1164 1514 1.
1194 1493 1227 1527 p.
1258 1479 1339 1513 280.
1369 1486 1405 1512 et
1431 1476 1558 1511 Prodr.
1594 1490 1620 1510 1.
1642 1490 1676 1525 p.
1698 1476 1754 1525 37.

306 1571 319 1575 -
347 1550 480 1583 Binan.
507 1549 563 1582 Pl.
592 1548 668 1594 Lig.
698 1546 813 1581 occid.
841 1544 891 1579 n.⁰
925 1557 977 1579 12.

254 1614 300 1646 lc.
330 1613 477 1646 Pomm.
506 1610 559 1644 Fl.
587 1622 709 1644 veron.
738 1622 771 1643 2.
802 1607 873 1642 tab.
907 1621 938 1641 2.
966 1605 1022 1655 fig.
1052 1606 1084 1641 5.
1113 1606 1197 1640 Icon
1225 1604 1319 1638 bona
1346 1602 1408 1638 scd
1444 1601 1609 1637 deficiens
1627 1629 1635 1643 ‚
1677 1615 1757 1635 cnm

305 1674 463 1722 plantam
489 1672 743 1721 glaberrimam
772 1671 886 1706 sistat.

304 1738 346 1771 In
374 1735 553 1785 sylvaticis
585 1735 690 1768 totius
717 1733 883 1781 Liguriae
911 1731 1070 1775 collinss,
1097 1729 1348 1777 montanisque
1377 1727 1694 1775 vulgatissimus&

307 1797 551 1847 Receptaculo
579 1796 757 1838 setuloso,
785 1794 1024 1843 carpellisque
1054 1792 1145 1841 stylo
1173 1792 1354 1826 uncinatis
1382 1791 1545 1839 apprime
1569 1803 1585 1822 a
1607 1801 1759 1837 sequen-

258 1862 351 1894 tibus
379 1860 622 1908 dignoscitur,
649 1866 813 1892 ceterum
841 1855 932 1890 ludit
959 1855 1121 1889 caulibus
1149 1854 1228 1902 plus
1256 1853 1420 1887 minusve
1448 1853 1618 1895 ramosis,
1652 1849 1760 1884 soliis-

259 1934 329 1970 que
358 1922 438 1970 plus
466 1922 626 1956 minusve
655 1920 807 1963 villosis,
837 1917 1004 1953 soliorum
1032 1917 1123 1951 lobis
1151 1916 1328 1964 angustis,
1358 1914 1583 1961 dilatatisque
1612 1921 1647 1946 et

309 1984 331 2030 β
360 1986 592 2030 giganteus,
622 1990 759 2017 statura
786 1981 890 2016 solito
918 1979 1028 2028 duplo
1056 1978 1209 2027 triplove
1237 1978 1382 2011 maiore.

312 2047 352 2080 In
382 2046 499 2079 alneto
527 2044 684 2092 quodam
712 2044 779 2078 sub
806 2046 834 2077 il
861 2044 972 2077 Forte
1000 2042 1054 2076 (le'
1076 2043 1174 2076 Rani
1198 2038 1473 2088 sesffcmtriones
1500 2049 1633 2071 versus.
1665 2051 1730 2070 xxv.

262 2170 321 2205 58.
352 2170 617 2205 Ranunculus
644 2168 927 2213 lanuginosus,
956 2167 1200 2211 apenninus.

313 2233 353 2266 In
381 2230 521 2280 pascuis
550 2229 728 2264 umbrosis
756 2228 896 2262 collinis
924 2227 1173 2274 montanisque
1202 2224 1411 2273 vulgarisslſs

315 2292 464 2328 Recedit
490 2306 507 2326 a
535 2299 619 2340 typo
649 2291 801 2340 speciei,
831 2289 921 2324 soliis
951 2288 1118 2337 adpresse
1148 2300 1328 2336 parceque
1357 2287 1508 2327 villosis,
1537 2299 1603 2320 nec
1633 2285 1763 2320 holosc-

265 2357 377 2390 riceis,
407 2355 531 2389 variat
559 2362 694 2389 statura
723 2366 740 2387 a
770 2353 790 2387 5
820 2351 1024 2387 decimetris
1052 2350 1094 2385 ad
1122 2358 1299 2393 metrum,
1333 2349 1555 2396 sinubusque
1598 2346 1762 2382 foliorum

267 2418 345 2466 plus
375 2418 535 2451 minusve
565 2416 733 2464 angustis.
