2259 3036
453 178 526 221 324
889 184 1133 208 REPERTORIUM
1160 183 1289 206 nomm
1315 182 1522 205 monsrchss

804 297 907 332 VIII.
935 294 1288 332 STACHYDEAE
1314 294 1445 329 Bam-Tu.
1462 308 1497 343 p.
1515 306 1609 327 Lxui.

693 411 872 446 CCCCLI.
899 409 1131 445 MELITTIS
1158 409 1198 442 L.
1224 427 1270 435 —
1298 408 1431 442 BENTH.
1449 407 1470 441 1.
1488 420 1516 441 c.
1534 413 1568 441 et
1587 359 1721 454 1:503.

457 512 567 548 1442.
604 513 768 548 Melittis
805 511 1151 556 Melissophyllum
1187 509 1226 543 L.
1251 509 1311 557 Sp.
1335 520 1369 556 p.
1393 506 1475 541 832.
1499 507 1629 540 BENTH.
1652 505 1674 540 l.
1692 518 1720 539 e.
1749 517 1780 552 p.
1800 504 1882 539 503.
1916 525 1961 531 -

504 576 621 610 Tmuo
645 576 704 609 Pl.
721 576 906 622 εἰαυαικρ.
930 586 984 621 19.

454 639 504 673 Ic.
534 639 692 674 Melissa
713 637 875 672 Fuchsii
895 635 982 669 Lon.
998 634 1099 669 Icon.
1115 647 1150 682 p.
1169 632 1253 668 515.

506 699 763 748 Vulgatissima
785 699 822 732 in
845 697 949 746 sylvis
969 695 1108 731 collinis
1129 695 1393 743 montanisque.
1411 694 1445 743 'If

506 761 616 797 Ludit
635 762 766 810 passim
787 759 935 794 floribus
956 758 1150 808 purpureis
1170 757 1222 791 vel
1244 756 1343 791 albis.

775 871 977 907 CCCCLII.
1005 869 1205 905 LAMIUM
1233 869 1365 903 Bmwm.
1382 867 1404 902 1.
1422 880 1450 901 c.
1468 875 1503 901 et
1523 881 1555 915 p.
1575 867 1655 915 507.

459 974 568 1011 1445.
597 975 786 1011 Lamium
818 972 1110 1018 amplexicaule
1144 970 1184 1003 L.
1203 970 1262 1018 Sp.
1280 983 1314 1018 p.
1333 969 1416 1016 809.
1439 967 1575 1002 BENTH.
1592 966 1681 1002 Lab.
1699 980 1731 1015 p.
1750 967 1831 1002 511.
1853 966 1967 999 Tum»

511 1040 566 1073 Pl.
587 1041 722 1072 clavar.
741 1049 778 1085 p.
805 1047 859 1082 19.
1813 1016 1820 1023 ’

460 1104 509 1136 lc.
537 1103 696 1136 Morsus
720 1099 894 1145 gallinae
915 1104 982 1132 etc.
1001 1097 1087 1131 Lon.
1105 1095 1202 1130 Icon.
1221 1109 1254 1144 p.
1272 1094 1355 1139 463.

461 1165 495 1211 β.
525 1164 829 1200 clandestinum
850 1161 983 1194 BENTH.
1000 1159 1022 1193 l.
1039 1172 1069 1194 c.

461 1227 508 1261 Ic.
537 1226 680 1260 Rsslcnn.
697 1224 751 1258 Pl.
768 1223 845 1259 erit.
862 1222 934 1257 tab.
951 1223 1034 1272 708.

513 1290 555 1323 In
574 1287 735 1337 pascuis,
754 1288 789 1321 in
808 1285 938 1330 hortis,
960 1283 1005 1319 ad
1025 1296 1147 1320 muros
1168 1283 1352 1332 frequens.
1369 1282 1418 1331 Q

514 1351 556 1385 In
577 1351 665 1385 locis
686 1347 937 1399 pinguioribus
960 1346 1126 1396 pedalem
1145 1353 1321 1382 staturam
1343 1358 1613 1393 nonnumquam
1636 1343 1863 1392 adipiscitur,
1890 1342 1972 1376 ssav-

465 1413 605 1458 eidam,
626 1425 811 1447 ramosum
832 1410 972 1454 evadit,
994 1411 1103 1444 ramis
1123 1410 1269 1453 erectis,
1288 1407 1383 1443 soliis
1402 1407 1506 1443 valde
1526 1407 1725 1456 ampliatis,
1747 1407 1781 1440 in
1811 1405 1968 1440 aridissi—

466 1478 534 1512 mis
555 1489 662 1519 vero,
681 1474 877 1524 pumilum,
899 1472 1095 1521 rigidulum
1112 1500 1122 1517 ,
1145 1471 1336 1518 diffusum7
1356 1470 1451 1506 foliis
1471 1470 1584 1504 multo
1604 1468 1817 1504 minoribus.

471 1587 580 1624 1444.
610 1589 797 1624 Lamium
820 1596 1074 1632 purpureum
1095 1586 1134 1618 L.
1153 1585 1212 1633 Sp.
1230 1597 1262 1633 p.
1281 1584 1365 1632 809.
1381 1584 1515 1617 BENTH.
1532 1596 1566 1631 p.
1585 1582 1667 1616 512.

468 1654 517 1687 Ic.
548 1653 683 1687 Urtica
705 1661 788 1685 non
811 1650 976 1685 mordax
998 1656 1064 1682 ete.
1085 1648 1170 1681 Loss.
1187 1647 1283 1680 Icon.
1301 1659 1334 1694 p.
1353 1646 1435 1680 520.

520 1716 561 1749 In
583 1713 723 1763 pascuis
744 1724 851 1761 supra
873 1711 1038 1746 Genuam
1060 1710 1266 1744 CHIAPPORI‘.
1295 1710 1332 1742 in
1363 1709 1503 1756 pascuis
1530 1705 1821 1755 ⁴transapemiinis
1844 1718 1975 1739 nowen-

470 1777 572 1812 sibus
592 1777 807 1819 Rosfflmnw,
828 1773 1038 1808 CAMBIAGGI.
1061 1772 1095 1822 ᾝΖ

522 1838 656 1874 Iisdem
678 1836 939 1873 variationibus
960 1849 1001 1870 ac
1022 1833 1246 1884 praecedens
1267 1833 1469 1868 obnoxium.

473 1940 520 1975 14
530 1939 583 1975 415.
606 1941 793 1976 Lamium
812 1939 1062 1974 maculatum
1081 1936 1187 1970 Κορῆ
1211 1935 1294 1983 Syn.
1310 1948 1344 1983 p.
1362 1933 1445 1977 564.
1466 1954 1511 1960 -
1534 1934 1574 1968 L.
1596 1934 1844 1969 maculatum
1862 1931 1899 1963 L.
1919 1931 1976 1978 Sp,

523 2017 554 2051 p.
574 2004 655 2050 809.
673 2001 788 2036 Tumo
803 2002 861 2036 Pl.
877 2002 1010 2035 clavar.
1025 2011 1061 2046 p.
1085 2010 1136 2046 ¹9·
1154 2018 1199 2024 —
1213 1999 1253 2033 L.
1270 1999 1481 2043 vulgatum
1499 2009 1528 2030 α.
1547 1997 1715 2032 rubrum
1737 1995 1871 2028 Bas-Tu.
1893 1992 1976 2026 Lab.

523 2078 557 2113 p.
577 2065 660 2108 514.

474 2129 524 2161 Ic.
555 2128 695 2161 Rfflcnss.
712 2125 767 2160 Pl.
785 2125 862 2159 crit.
881 2123 954 2159 tab.
972 2123 1054 2159 361.
1071 2131 1106 2157 et
1127 2122 1208 2158 363.

526 2191 569 2224 In
591 2188 768 2224 umbrosis
788 2187 968 2237 sylvaticis
988 2186 1134 2221 collium
1154 2197 1261 2234 supra
1281 2185 1446 2219 Genuam
1465 2182 1621 2231 vulgare.
1638 2182 1673 2230 735

528 2252 624 2285 Folia
645 2251 750 2285 fascia
770 2250 851 2285 alba
869 2249 1121 2298 longitudinali
1142 2249 1240 2297 picta
1258 2247 1315 2282 vel
1343 2245 1567 2288 concoloria3
1596 2252 1753 2279 celerum
1786 2251 1919 2278 statura
1947 2250 1979 2276 (¹1

476 2313 718 2363 magnitudine
737 2313 904 2348 foliorum
926 2326 991 2361 pro
1012 2312 1111 2355 loco,
1131 2319 1170 2346 ut
1188 2309 1445 2359 praecedentes
1467 2308 1588 2342 variat.

528 2379 568 2412 L.
592 2378 728 2412 albuni
750 2378 788 2411 L.
811 2377 906 2410 inter
925 2374 1013 2411 fines
1034 2374 1141 2410 florae
1162 2382 1303 2409 nostrae
1325 2371 1485 2408 nonduin
1509 2369 1703 2405 observavi.
