2259 3036
462 214 530 236 222
895 206 1140 230 REPERTORNJM
1171 205 1302 227 FLORAF.
1330 204 1536 226 LIGUSTICAE

509 275 549 310 In
570 273 672 309 cultis
694 283 792 307 secus
813 269 1036 306 Porciferam
1056 269 1268 311 CHIAPPORI,
1290 268 1420 311 anu,
1439 267 1476 302 in
1496 264 1718 301 convallibus
1738 264 1918 313 Apennini
1940 272 1973 298 et

460 339 597 386 ulpium
618 336 894 370 maritimarum.
911 333 961 383 Θ

510 400 650 435 Habitu
668 397 870 446 insequenti
890 395 1049 439 accedit,
1071 394 1132 430 sed
1152 393 1194 429 ab
1217 406 1257 429 ea
1276 393 1380 428 facile
1401 392 1519 428 differt
1536 391 1755 441 receptaculi
1779 390 1888 440 palcis
1908 390 1975 425 iilis

460 463 716 500 Anthcnlidis
735 461 950 497 tinctoriae
971 457 1047 493 fere
1069 456 1268 501 similibus,
1289 456 1351 492 sed
1373 455 1492 505 paullo
1512 455 1801 504 angustioribus,
1830 461 1976 500 anguste

460 525 681 567 immolatis,
700 535 814 558 nervo
836 534 953 557 crasso
974 522 1011 556 in
1032 533 1242 555 mucronem
1265 518 1421 568 rigidum
1444 518 1617 564 abeunte3
1645 517 1823 552 involucri
1850 515 1978 551 foliolis

461 587 738 638 angustioribus.

461 689 547 725 978.
577 689 789 726 Anthemis
812 688 1011 723 altissima
1030 685 1103 720 DC.
1121 683 1247 719 Prodr.
1263 682 1296 717 6.
1314 697 1349 732 p.
1372 695 1425 717 10.
1456 702 1501 709 --
1527 681 1569 717 A.
1593 682 1788 717 altissima
1809 680 1850 715 L.
1866 680 1977 713 Mant.

513 761 547 787 ct
570 752 611 788 A.
633 753 729 788 Cota
749 752 788 784 L.
805 750 865 798 Sp.
880 763 914 798 p.
936 762 946 782 ι
959 748 1041 795 259.
1057 759 1097 782 ev<
1116 746 1186 781 DC.
1204 746 1223 780 Ι.
1241 759 1271 780 c.
1288 768 1335 771 ——
1353 745 1682 781 Chamaemelum
1702 744 1796 779 Cota
1814 744 1898 777 Am..
1920 743 1974 776 Fl.

509 815 593 863 ped.
621 828 696 863 1.p.
720 814 799 856 184.

464 878 511 911 Ic.
540 879 675 911 LAMOE.
693 876 748 910 Ill.
766 875 837 909 tab.
854 874 938 909 683.
957 873 1014 922 fig.
1036 886 1064 908 1.

513 941 555 974 In
576 940 670 974 arvis
692 950 794 973 secus
817 937 941 981 litora,
962 944 999 971 et
1019 937 1057 970 in
1080 934 1234 970 collibus
1260 933 1427 982 Liguriae
1456 932 1624 967 novensis
1653 929 1733 965 hinc
1762 929 1868 974 inde,
1902 938 1977 963 tuin

464 1016 546 1037 cum
564 1003 598 1036 in
621 1000 800 1036 montanis
822 999 1003 1049 Apennini
1024 1006 1060 1034 et
1080 997 1213 1046 alpium
1236 996 1513 1030 maritimarum.
1528 994 1578 1043 (D

464 1102 548 1138 979.
579 1102 792 1139 Anthemis
819 1102 1004 1137 arvellSiS
1033 1101 1072 1133 L.
1096 1099 1155 1148 Sp.
1182 1111 1215 1146 p.
1247 1097 1349 1132 1261.
1376 1097 1452 1131 DC.
1477 1094 1602 1130 Prodr.
1625 1095 1657 1130 6.
1684 1108 1716 1143 p.
1744 1093 1777 1128 6.
1798 1093 1978 1127 Tamum.

516 1169 650 1200 cltwar.
662 1179 699 1213 p.
720 1164 776 1199 26.

466 1232 485 1247 '²³'
516 1228 701 1271 Litoralis,
723 1227 824 1262 caule
847 1226 994 1268 diffuso,
1023 1225 1133 1259 ramis
1152 1222 1475 1272 procumbentibus
1503 1220 1721 1269 sublignosis
1743 1218 1955 1253 tortuosisve
1975 1247 1982 1259 ‚

515 1291 591 1326 basi
613 1303 720 1338 saepe
744 1287 1112 1338 purpurascentibus‚
1133 1298 1289 1335 superne
1310 1284 1477 1333 foliisque
1506 1283 1585 1333 plus
1607 1283 1725 1317 minus
1751 1281 1980 1331 pubescenti—

518 1354 603 1397 bus,
625 1352 959 1388 canescentibusve.

517 1418 557 1451 Iu
581 1416 674 1450 arvis
697 1423 732 1450 et
752 1415 837 1449 locis
858 1413 1042 1449 sterilibus
1062 1412 1253 1460 frequens,
1273 1411 1426 1445 varietas
1449 1422 1552 1444 secus
1574 1408 1678 1442 litora
1700 1408 1841 1456 passim.
1858 1406 1907 1445 (T.

519 1481 560 1514 In
582 1480 753 1513 varietate
773 1478 893 1526 paleae
913 1475 1132 1525 receptaculi
1159 1475 1376 1524 plerumque
1407 1486 1447 1507 ex
1475 1473 1577 1521 apice
1605 1476 1956 1505 eroso-mucronatae
1973 1495 1982 1511 ,

468 1542 529 1577 sed
549 1550 584 1576 et
602 1542 637 1575 in
658 1541 699 1576 A.
718 1542 883 1576 arvcnsi
906 1539 1062 1588 genuina
1081 1538 1214 1572 similes
1232 1543 1429 1571 occurrunt
1445 1563 1454 1579 ,
1485 1539 1568 1569 cuffi
1587 1547 1658 1582 qua
1677 1540 1858 1568 structura
1881 1530 1984 1565 ache-

468 1605 608 1639 niorum
628 1603 672 1638 ad
690 1616 848 1651 unguem
868 1603 1043 1651 congruit.
1062 1622 1108 1628 —
1129 1601 1185 1635 An
1205 1600 1273 1634 huc
1296 1599 1337 1635 Α.
1361 1599 1555 1635 australis
1575 1595 1734 1631 W11.1.n?
1754 1615 1799 1622 —-

468 1704 553 1740 980.
584 1705 796 1741 Anthcmis
824 1705 1046 1739 incrassata
1074 1703 1171 1736 Lo1s.
1193 1700 1273 1735 Not.
1291 1713 1324 1748 p.
1349 1712 1426 1747 129.
1444 1705 1480 1733 et
1498 1697 1550 1731 Fl.
1574 1696 1652 1745 gali.
1669 1695 1724 1730 ed.
1745 1709 1775 1729 2.
1795 1708 1825 1729 2.
1844 1709 1877 1743 p.
1897 1694 1981 1729 256.

518 1769 589 1803 DC.
607 1766 732 1801 Prodr.
750 1767 784 1801 6.
802 1780 835 1815 p.
853 1766 887 1801 6.
904 1787 950 1794 -
973 1765 1014 1801 Α.
1038 1765 1268 1800 nicaeensis
1288 1762 1434 1798 WILLD.
1456 1761 1515 1809 Sp.
1534 1761 1566 1794 3.
1584 1772 1617 1808 p.
1638 1760 1743 1793 2182.
1761 1771 1803 1793 ex
1819 1757 1890 1792 DC.
1909 1756 1931 1792 l.
1949 1770 1979 1790 c.

517 1832 559 1865 In
581 1829 760 1865 sterilibus
780 1830 875 1863 circa
895 1828 1062 1863 Nicaeam
1085 1839 1125 1861 ex
1146 1825 1246 1861 herl).
1264 1826 1307 1859 Η.
1324 1825 1402 1859 Bot.
1420 1822 1662 1858 Taurinensis.
1680 1820 1730 1870 (Ι)

467 1929 552 1966 981.
583 1930 794 1966 Anthemis
813 1931 953 1966 Cotula
972 1929 1012 1962 L.
1036 1928 1096 1976 Sp.
1117 1940 1150 1975 p.
1176 1925 1278 1962 1261.
1299 1946 1346 1952 —
1365 1927 1523 1961 Maruta
1543 1924 1686 1959 Cotula
1704 1920 1779 1956 DC.
1799 1918 1924 1954 Prodr.
1944 1918 1979 1953 6.

525 2007 558 2042 p.
588 1992 642 2027 13.
660 2006 690 2028 α.

474 2057 523 2090 10.
552 2057 879 2092 Chainacineluin
894 2052 1107 2098 foetidum,
1125 2053 1210 2087 sive
1226 2051 1367 2086 Cotula
1385 2050 1531 2085 foetida
1547 2048 1679 2082 CHABR.
1696 2047 1827 2094 Sciagr.
1845 2059 1877 2094 p.
1896 2043 1979 2080 363.

520 2117 629 2152 rudis.
650 2137 694 2144 —
715 2116 757 2154 A.
788 2117 971 2153 arvensis
998 2126 1138 2151 annua
1166 2116 1299 2150 erecta
1318 2120 1387 2148 etc.
1411 2112 1522 2146 an.
1545 2109 1633 2145 Nov.
1655 2109 1703 2158 pl.
1726 2121 1802 2158 gen.
1826 2107 1897 2142 tab.
1922 2106 1977 2140 30.

528 2180 583 2228 fig.
603 2180 637 2224 4.

522 2242 710 2290 Frequens
728 2242 764 2275 in
785 2239 962 2275 ruderatis
981 2246 1016 2273 et
1034 2238 1071 2272 in
1090 2236 1343 2286 pinguioribus
1367 2236 1406 2270 in
1426 2234 1522 2270 omni
1541 2233 1700 2283 Liguria.
1715 2232 1765 2280 [1]

523 2302 804 2352 Receptaculum
826 2303 926 2351 apice
948 2308 1084 2336 tantum
1103 2300 1331 2349 paleaeemn,
1360 2297 1417 2333 vel
1435 2297 1513 2333 basi
1534 2304 1671 2331 tantum
1691 2293 1839 2329 nudum.
1861 2291 1983 2328 Herba

472 2366 692 2414 graveolens.

471 2466 556 2502 982.
586 2467 797 2502 Anthemis
818 2469 1013 2501 montana
1031 2465 1071 2498 L.
1089 2463 1148 2512 Sp.
1164 2475 1197 2511 p.
1218 2461 1321 2496 1261.
1336 2460 1410 2495 DC.
1430 2457 1558 2495 Pmdr.
1575 2457 1608 2493 6.
1625 2470 1661 2506 p.
1678 2457 1711 2492 8.
1728 2470 1760 2492 α.
1793 2477 1839 2484 -
1877 2457 1979 2493 Cha-

524 2530 769 2566 maemelum
789 2532 1032 2564 montanum
1052 2527 1137 2561 Am..
1160 2525 1213 2559 Ft.
1226 2523 1308 2572 ped.
1336 2536 1364 2557 1.
1381 2536 1420 2571 p.
1441 2523 1500 2571 87.
1519 2528 1555 2557 et
1572 2521 1682 2557 Λιισι.
1696 2533 1733 2568 ρ.
1757 2532 1809 2554 12.
