2259 3036
446 193 515 228 268
871 199 1119 222 REPERTORIUM
1147 196 1279 221 FLORAE
1308 196 1513 220 LIGUSTICAE

440 266 550 304 1194.
581 265 833 311 Campanula
862 265 1036 300 Sabatia.

439 345 461 366 ε.
489 327 890 371 Glauco—laete-virens‚
918 325 1036 361 radice
1066 337 1184 360 crassa
1208 323 1423 368 mufficauli,
1450 321 1609 358 caulibus
1637 319 1950 362 adscendentibus,

488 391 625 427 inferne
664 390 813 435 foliosis,
851 402 1002 439 superne
1042 386 1257 423 nudiusculis
1273 415 1282 431 ,
1318 383 1819 434 racemoso-subcorymbosis:
1860 383 1949 419 foliis

489 453 681 490 carnosulis
697 482 706 498 ‚
734 454 812 488 imis
839 453 955 502 parvis
983 449 1324 486 subcordato-ovatis
1339 477 1348 494 ⁷
1377 446 1757 491 ovatove-lanceolatis‚
1797 446 1950 482 breviter
1979 442 1982 444 v

488 517 683 568 petiolatis‚
711 528 830 565 grosse
856 522 1062 563 remoteque
1089 512 1258 557 dentatis,
1285 511 1450 547 dentibus
1477 509 1695 560 patentibus,
1727 510 1872 545 caeteris
1908 509 1949 543 li-

490 579 657 615 nearibus
684 579 830 628 integris
846 606 855 622 ‚
883 577 959 612 basi
985 578 1021 611 in
1048 575 1219 625 petiolum
1246 575 1458 618 attenuatis,
1485 573 1754 622 patentissimis,
1790 579 1949 606 arcuato-

491 642 652 686 dessexis,
680 641 734 677 vel
760 638 1219 676 curvato-adscendentibus
1234 666 1243 682 ,
1271 637 1416 672 summis
1431 665 1441 681 ,
1478 635 1730 684 floralibusque
1757 634 1949 669 subulatisz

491 704 699 756 pedunculis
727 704 857 739 sensim
884 715 1024 737 sursum
1050 713 1169 736 versus
1196 699 1416 735 brevioribus
1430 727 1440 744 ,
1479 697 1686 733 florentibus
1713 698 1837 732 erectis
1853 725 1862 741 ‚
1890 695 1950 731 de-

492 782 590 804 mum
617 767 771 802 recurvis
800 766 1008 815 plerumque
1048 762 1226 799 unifloris:
1267 762 1392 811 calycis
1428 760 1599 796 turbinati
1637 760 1723 795 tubo
1762 759 1953 795 vesiculoso

492 830 697 881 glanduloso
713 858 722 874 ,
759 828 923 864 dentibus
963 827 1133 863 subulatis
1174 824 1490 860 arcuato-incurvis
1529 823 1704 858 alabastro
1743 822 1951 857 multo-lon-

493 893 649 943 gioribus
664 921 673 937 ‚
702 891 833 927 corolla
860 887 1308 938 turbinato-campanulata
1335 886 1452 936 ampla
1478 885 1585 935 duplo
1612 885 1759 934 triplove
1787 884 1955 920 breviori-

491 957 556 992 bus
574 985 582 1001 ,
611 956 700 1005 stylo
727 953 1080 1003 glanduloso-cxerto.

493 1019 547 1054 Ad
573 1032 679 1068 rupes
707 1018 901 1052 maritimas
928 1028 1048 1050 versus
1075 1013 1359 1064 promontorium
1384 1012 1472 1048 Noli
1498 1023 1595 1046 secus
1622 1011 1713 1045 viam
1737 1010 1882 1059 Regiam
1901 1023 1954 1044 co-

444 1083 648 1133 piosissima.
669 1080 714 1130 775.
737 1080 770 1115 fl.
792 1081 898 1115 iunio.

495 1146 623 1180 Planta
650 1143 903 1194 speciosissima
931 1143 969 1177 C.
992 1141 1210 1176 linisoliam
1238 1138 1417 1173 aemulans
1432 1166 1441 1182 ,
1469 1136 1530 1172 sed
1555 1135 1678 1170 habitu
1700 1136 1843 1185 proprio
1857 1163 1866 1179 ,
1886 1142 1954 1170 sta-

445 1210 541 1244 tione
568 1208 763 1251 maritima,
791 1207 861 1240 iam
888 1203 998 1254 probe
1018 1202 1203 1247 distincta,
1222 1209 1262 1236 ut
1280 1198 1449 1235 etcolore
1463 1227 1473 1244 7
1491 1198 1655 1234 foliorum
1674 1196 1903 1247 longitudine,
1923 1204 1957 1232 et

444 1271 654 1321 praeprimis
683 1269 808 1318 calycis
836 1267 922 1302 tubo
948 1263 1367 1314 vesiculoso-glanduloso
1395 1270 1435 1297 ut
1461 1263 1497 1297 in
1524 1262 1957 1308 Mesembryanthemis

447 1332 658 1383 quibusdam
674 1361 683 1377 ‚
712 1339 776 1366 etc.
817 1330 916 1364 Folia
943 1329 1081 1364 caulina
1108 1326 1225 1362 media
1250 1324 1469 1375 longitudine
1496 1324 1826 1371 6-8-9—centimetra
1853 1321 1955 1357 adae-

446 1404 582 1446 quant,
611 1395 718 1431 caulis
746 1392 962 1443 spithameus
982 1420 990 1435 ,
1018 1390 1203 1441 pedalisve.
1235 1388 1375 1424 Corolla
1401 1388 1491 1423 laete
1516 1387 1678 1422 violacea.

449 1496 558 1533 1195.
590 1496 841 1541 Campanum
862 1493 1128 1529 rotundisolia
1146 1492 1186 1525 L.
1208 1491 1265 1539 Sp.
1286 1504 1320 1539 p.
1344 1489 1425 1523 232.
1446 1488 1486 1522 A.
1501 1487 1574 1521 DC.
1590 1487 1626 1521 in
1641 1486 1713 1520 DC.
1730 1484 1853 1520 Prodr.
1872 1498 1903 1534 7.
1923 1499 1956 1534 p.

501 1561 583 1608 471.
614 1572 645 1593 α.
667 1558 700 1605 β.
720 1558 877 1591 BERTOL.
898 1557 955 1590 Fl.
969 1559 1042 1590 ital.
1060 1568 1090 1589 2.
1106 1568 1143 1603 p.
1167 1554 1248 1598 468.
1270 1565 1310 1587 ex
1328 1559 1438 1601 parte.
1458 1551 1545 1585 ALL.
1566 1550 1623 1584 Fl.
1639 1549 1718 1598 ped.
1746 1563 1772 1583 1.
1788 1562 1825 1597 p.
1853 1549 1931 1582 108.

448 1623 494 1658 Ic.
525 1623 563 1659 C.
586 1623 722 1657 minor
742 1621 879 1665 alpina
899 1623 974 1655 etc.
996 1618 1101 1652 CLUS.
1124 1616 1213 1652 Hist.
1233 1629 1262 1649 2.
1278 1629 1311 1664 p.
1335 1627 1412 1663 177·
1429 1634 1476 1641 —
1491 1614 1530 1650 C.
1547 1623 1672 1659 parva
1693 1611 1956 1648 rotundisolia

500 1690 573 1722 etc.
604 1684 734 1718 CHABR.
756 1683 886 1731 Sciagr.
907 1696 940 1730 p.
966 1681 1046 1725 264.

498 1749 541 1783 In
561 1761 636 1782 mol·
759 1745 937 1794 Apennini
956 1752 990 1778 et
1009 1743 1140 1792 alpium
1159 1742 1431 1777 maritimarum.
1452 1738 1487 1788 ᾋΕ

503 1812 629 1846 variat
655 1818 694 1844 ut
730 1807 874 1843 linifolia
888 1836 895 1849 ‚
923 1821 942 1841 a
974 1820 1043 1855 qua
1058 1835 1067 1851 ‚
1086 1805 1147 1841 ubi
1166 1804 1330 1840 deficiant
1348 1802 1429 1837 folia
1447 1800 1612 1836 radicalia
1624 1829 1632 1843 ‚
1652 1813 1757 1849 aegre
1785 1798 1957 1834 discrimi-

500 1882 605 1909 natur
621 1902 629 1917 ⁷
663 1872 783 1922 glabra
809 1870 863 1906 vel
890 1869 1084 1920 pubescens
1100 1898 1109 1914 ,
1138 1867 1295 1903 caulibus
1323 1864 1482 1900 unissoris
1519 1862 1747 1899 2-3-florisve.
1790 1860 1961 1910 Capsulae

500 1949 652 1973 cernuae
658 1964 663 1970 .

453 2024 562 2061 1196.
593 2025 845 2070 Campanula
873 2023 1097 2066 coespitosa
1127 2019 1225 2053 Scor.
1247 2018 1298 2051 Fl.
1323 2030 1418 2051 carn.
1434 2015 1487 2051 ed.
1513 2029 1542 2049 2.
1569 2029 1595 2049 1.
1618 2029 1651 2063 p.
1674 2014 1751 2058 143.
1773 2014 1812 2047 A.
1833 2011 1905 2046 DC.
1926 2012 1961 2045 in

501 2088 574 2122 DC.
597 2086 723 2122 Prodr.
747 2100 778 2135 7.
799 2100 832 2135 p.
855 2086 937 2134 471.
959 2097 992 2118 α.

454 2153 500 2186 lc.
531 2152 677 2185 Semnoi..
702 2150 722 2184 1.
745 2163 773 2184 c.
794 2148 866 2183 tab.
891 2150 923 2192 4

502 2214 544 2248 In
565 2214 750 2262 Apennino
770 2211 972 2254 bobbiensi⁷
992 2213 1029 2244 al
1047 2210 1179 2244 Penice
1199 2207 1240 2242 cl.
1263 2206 1402 2240 CESATI.
1423 2204 1458 2254 ᾋΕ

504 2277 585 2310 Rev.
615 2276 834 2309 Mox'romvo
853 2274 948 2308 misit
971 2285 1010 2307 ex
1041 2270 1179 2320 alpibus
1209 2267 1452 2304 nicaeensibus
1480 2267 1656 2316 specimen
1688 2262 1961 2308 Campanulae

454 2337 633 2373 cuiusdam
662 2350 750 2385 quae
777 2336 904 2371 florum
932 2334 1160 2384 dispositione
1188 2345 1228 2366 ac
1255 2331 1369 2366 formu
1397 2343 1461 2364 nec
1488 2342 1558 2363 non
1584 2326 1749 2362 foliorum
1776 2324 1898 2358 habitu
1918 2322 1961 2357 ad

452 2402 541 2435 hanc
568 2400 760 2449 plurimum
789 2398 945 2439 acceditg
980 2396 1097 2431 differt
1128 2403 1246 2430 tamen
1279 2393 1390 2428 herba
1420 2390 1577 2440 undique
1607 2397 1680 2424 tota
1699 2387 1875 2436 denseque
1903 2399 1960 2421 ca-

458 2472 618 2499 nescentc
634 2491 642 2507 ‚
670 2471 704 2497 et
731 2461 785 2496 hic
814 2469 950 2495 tantum
979 2466 1181 2494 recensetur
1208 2464 1247 2492 ut
1276 2463 1436 2491 auctores
1471 2455 1507 2488 in
1546 2452 1640 2487 illam
1681 2450 1880 2500 diligentius
1908 2450 1960 2483 in—

457 2528 609 2575 (purant.
