2259 3036
1792 167 1808 178 ἢ

811 177 972 201 AUCTORE
997 176 1150 200 JOSEPHO
1177 178 1220 200 DE
1248 176 1404 200 NOTARIS.
1791 179 1857 201 321

362 244 409 277 Ic.
439 243 691 279 Calamintha
712 246 907 278 montana
928 242 1199 287 praestantior
1218 241 1302 276 Lon.
1318 241 1416 275 Icon.
1433 253 1468 289 p.
1487 238 1569 274 512.

413 306 453 339 Iu
485 304 661 354 sylvaticis
693 304 871 339 montanis
903 303 1085 353 Apennini
1121 310 1157 338 et
1187 303 1325 352 alpium
1355 301 1620 337 maritimarum
1655 300 1759 336 valde
1794 301 1863 336 sre-

363 379 488 415 qnens.
508 366 543 415 735

362 465 381 500 1
393 464 472 501 128.
501 467 660 501 Melissa
683 465 934 500 Calamintha
950 464 989 496 L.
1002 463 1060 510 Sp.
1072 463 1200 510 p.827.
1212 461 1347 496 BENTH.
1359 476 1392 511 p.
1404 464 1486 498 388.
1498 464 1656 498 a..Tumo
1667 463 1720 497 Pl.
1731 466 1862 498 clavata

407 542 444 576 p.
468 541 520 576 19·
537 549 586 553 —-
607 529 787 573 Thymus
806 526 1057 562 Calamintha
1078 525 1230 559 Seopon.

363 591 410 623 Ic.
440 591 478 625 C.
501 594 694 624 montana
714 589 894 633 vulgaris
914 588 999 621 Lon.
1016 586 1117 620 leon.
1134 600 1168 634 p.
1187 586 1270 620 513.

411 653 453 685 In
474 650 672 685 dumetosis
691 650 944 699 sylvaticisque
964 648 1103 683 collinis
1123 648 1377 697 montanisque
1396 647 1575 698 frequens.
1591 648 1626 698 ⁸)ss

413 712 539 747 Planta
561 711 657 762 apud
676 725 740 747 nos
760 711 972 760 plerumque
994 709 1093 745 valde
1115 710 1248 745 villosa.

365 799 474 835 1429.
495 802 655 836 Melissa
672 802 821 845 Nepeia
836 800 877 833 L.
895 799 953 847 Sp.
971 811 1005 847 p.
1023 799 1106 833 828.
1123 798 1255 832 Bfflmu.
1272 797 1360 832 Lab.
1378 810 1411 845 p.
1429 798 1511 846 387.
1530 798 1648 832 Temo
1664 799 1721 832 Pl.
1738 801 1871 832 clavata

409 877 447 910 ρ.
470 876 522 911 19.
539 884 588 889 —
608 865 788 908 'l'liynlus
809 863 958 907 Nepeta
977 859 1122 895 Wlmm.
1138 881 1188 886 —
1205 860 1362 894 Bam-01„
1385 861 1440 894 Pl.
1453 872 1678 908 genuens.p.
1702 860 1779 894 160.

363 927 410 959 lc.
440 926 478 961 C.
501 926 650 971 pulegii
671 926 792 960 odore
814 932 880 958 etc.
898 924 1070 957 ZANMCH.
1088 922 1182 957 Hist.
1199 921 1271 957 tab.
1293 923 1372 970 187.

415 988 454 1021 ln
476 987 615 1035 pascuis
633 985 762 1030 aridis,
782 985 867 1020 locis
890 984 1127 1020 sterilioribus
1146 984 1400 1032 vulgatissima.
1418 983 1454 1033 ᾋὶ

419 1050 561 1098 Species
584 1062 649 1097 pro
670 1049 770 1093 loco,
790 1048 843 1083 vel
862 1056 995 1091 aetate,
1020 1047 1075 1082 vel
1100 1047 1246 1095 singulis
1272 1048 1374 1081 annis
1406 1045 1508 1081 valde
1539 1046 1788 1096 polyinorplia.
1823 1069 1871 1073 —-

365 1112 535 1146 (⁷)ccurrit
554 1110 644 1146 soliis
663 1111 794 1146 villosis
811 1111 867 1145 vel
888 1122 1057 1158 appresse
1078 1109 1276 1158 pubernlis,
1296 1109 1409 1158 cyinis
1428 1108 1636 1144 axillaribus
1652 1108 1872 1157 paucissoris,

365 1174 573 1218 contractis,
594 1173 648 1207 vel
669 1172 869 1207 laxinsculis
897 1171 1132 1215 dichotomis,
1158 1170 1326 1206 dentibus
1353 1170 1483 1219 calycis
1509 1170 1791 1220 subaequalibus
1816 1171 1874 1206 vel

367 1235 597 1271 inferioribus
617 1235 858 1284 longioribus,
878 1234 1011 1269 corolla
1031 1233 1152 1281 calyce
1173 1233 1340 1277 dimidio,
1359 1232 1516 1281 duplove
1537 1233 1693 1281 longior,
1711 1233 1770 1268 sed
1788 1246 1875 1282 prae

366 1299 515 1334 caeteris
536 1299 731 1332 attentione
752 1305 787 1331 et
806 1297 968 1332 ulteriori
990 1298 1150 1331 examine
1174 1295 1279 1345 digna
1299 1294 1444 1330 videtur
1471 1296 1626 1329 varietas
1646 1295 1818 1344 quaedam
1840 1296 1874 1329 in

367 1361 465 1395 alveo
486 1361 655 1395 torrentis
677 1373 783 1408 snpra
804 1361 919 1394 Porto
935 1360 1115 1394 Mam-izio
1136 1358 1284 1393 collecta
1305 1371 1323 1391 a
1342 1360 1390 1393 M.
1407 1358 1449 1391 D.
1466 1358 1593 1392 Bmm:
1623 1356 1712 1392 haec
1736 1357 1876 1392 recedit

367 1438 386 1458 a
406 1422 686 1471 vulgatiorihus,
708 1423 818 1471 cymis
837 1422 970 1471 pluries
994 1420 1223 1464 dichotomis,
1246 1421 1281 1454 in
1297 1419 1501 1468 paniculam
1518 1419 1670 1468 amplam
1685 1419 1877 1468 dispositis,

367 1485 510 1520 corollis
531 1484 682 1520 subinde
703 1484 826 1534 calyce
847 1484 953 1533 triplo
974 1483 1213 1533 longioribus,
1243 1483 1304 1518 sed
1326 1482 1382 1516 bie
1409 1482 1597 1517 character
1621 1481 1877 1530 magnitudinis

367 1547 520 1582 corollae
541 1546 638 1582 haud
657 1555 823 1582 constans
843 1559 922 1582 esse
946 1546 1106 1589 videtur,
1135 1559 1217 1580 nam
1239 1546 1273 1578 in
1297 1544 1578 1592 exemplaribus,
1605 1544 1754 1579 diversis
1777 1545 1877 1578 annis

369 1610 547 1654 collectis,
566 1609 701 1645 corolla
719 1622 814 1644 nunc
837 1609 964 1658 duplo,
984 1621 1079 1644 nunc
1100 1608 1208 1656 triplo
1229 1607 1350 1656 calyce
1373 1607 1523 1655 longior.

371 1709 477 1745 1150.
508 1711 664 1746 Melissa
695 1710 842 1745 Aeinos
868 1708 1000 1743 BENTH.
1018 1707 1107 1742 Lab.
1125 1721 1159 1756 p.
1178 1707 1259 1754 389.
1277 1726 1321 1734 —
1341 1709 1522 1752 'rhymus
1541 1706 1686 1742 Acinos
1709 1707 1747 1740 L.
1766 1706 1824 1754 Sp.
1843 1720 1874 1754 p.

422 1771 506 1807 826.

371 1835 418 1867 Ic.
448 1835 731 1879 Clinopodium
753 1836 920 1879 vulgare
942 1836 1029 1868 Loss.
1046 1833 1142 1867 Icon.
1159 1845 1193 1880 p.
1213 1831 1422 1866 506.1-udis.

424 1897 463 1930 ln
487 1896 637 1931 collibus
657 1897 731 1944 agri
753 1897 940 1940 novensis,
961 1896 996 1929 in
1020 1896 1198 1930 montanis
1221 1895 1402 1943 Apennini
1423 1895 1630 1943 genuensis,
1656 1894 1880 1937 savonensis,

369 1958 577 1993 bobbiensis
600 1958 769 2006 vulgaris.
788 1958 838 2005 (D

424 2021 566 2055 Corolla
587 2034 695 2069 parva
710 2048 720 2064 ,
741 2020 854 2055 multo
875 2020 994 2054 minor
1014 2033 1122 2068 quam
1143 2020 1176 2053 in
1199 2026 1392 2067 sequente,
1413 2018 1543 2066 calycis
1564 2018 1645 2052 saux
1667 2018 1772 2052 nuda.

378 2108 489 2144 1151.
519 2110 674 2144 Melissa
699 2110 834 2154 alpina
855 2109 985 2143 BENTH.
1003 2108 1090 2142 Lab.
1109 2122 1142 2157 p.
1161 2108 1243 2157 390.
1261 2128 1306 2134 —
1327 2109 1508 2154 Thyinus
1528 2109 1691 2151 alpinus
1710 2107 1750 2140 L.
1770 2107 1828 2155 Sp.
1847 2121 1880 2156 p.

425 2172 507 2219 390.
525 2173 611 2206 ALL.
630 2172 686 2206 Fl.
704 2172 789 2219 ped.
813 2185 840 2205 1.
856 2184 892 2219 p.
913 2185 969 2205 21.

374 2235 420 2268 lc.
443 2234 558 2269 Acini
579 2236 745 2279 pulchra
766 2236 918 2279 speeies
936 2234 1069 2268 CHABR.
1086 2233 1217 2282 Sciagr.
1235 2245 1269 2282 p.
1287 2232 1369 2277 421.
1388 2231 1499 2275 rudis,
1515 2231 1576 2267 sed
1596 2232 1722 2267 melior
1741 2245 1778 2266 ac
1796 2233 1879 2266 Icon

425 2296 559 2338 CLusu.

427 2359 467 2393 In
488 2360 630 2407 pascuis
652 2361 833 2393 montanis
854 2358 1037 2407 Apennini
1058 2358 1316 2406 vulgatissima,
1342 2370 1445 2406 saepe
1479 2370 1545 2406 per
1572 2357 1710 2392 alveum
1744 2366 1882 2392 torren—

376 2422 467 2455 tium
487 2433 604 2470 usque
626 2421 670 2456 ad
689 2422 791 2456 litora
814 2421 1047 2456 descendens.
1068 2421 1102 2470 *ff

430 2484 584 2520 Corollis
606 2484 727 2534 calyce
757 2484 866 2533 duplo
900 2484 1119 2528 maioribus,
1152 2484 1270 2534 calyce
1297 2483 1399 2519 fauce
1430 2484 1510 2532 pilis
1543 2483 1685 2521 clausa,
1719 2481 1883 2516 (lentibus
