<?xml version="1.0" encoding="UTF-8"?>
<!DOCTYPE html PUBLIC "-//W3C//DTD XHTML 1.0 Transitional//EN"
    "http://www.w3.org/TR/xhtml1/DTD/xhtml1-transitional.dtd">
<html xmlns="http://www.w3.org/1999/xhtml" xml:lang="en" lang="en">
 <head>
  <title>
</title>
<meta http-equiv="Content-Type" content="text/html;charset=utf-8" />
  <meta name='ocr-system' content='tesseract 3.04.00' />
  <meta name='ocr-capabilities' content='ocr_page ocr_carea ocr_par ocr_line ocrx_word'/>
</head>
<body>
  <div class='ocr_page' id='page_1' title='image "./repertoriumflora00deno_0409.png"; bbox 0 0 2259 3036; ppageno 0'>
   <div class='ocr_carea' id='block_1_1' title="bbox 756 169 1804 213">
    <p class='ocr_par' dir='ltr' id='par_1_1' title="bbox 756 169 1804 213">
     <span class='ocr_line' id='line_1_1' title="bbox 756 169 1804 213; baseline 0.002 -12"><span class='ocrx_word' id='word_1_1' title='bbox 756 178 912 202; x_wconf 80' lang='lat' dir='ltr'>AUCTORE</span> <span class='ocrx_word' id='word_1_2' title='bbox 939 179 1091 203; x_wconf 73' lang='lat' dir='ltr'>sosapno</span> <span class='ocrx_word' id='word_1_3' title='bbox 1121 179 1162 201; x_wconf 84' lang='lat' dir='ltr'>DE</span> <span class='ocrx_word' id='word_1_4' title='bbox 1189 179 1346 202; x_wconf 64' lang='lat' dir='ltr'>nonnis.</span> <span class='ocrx_word' id='word_1_5' title='bbox 1731 169 1804 213; x_wconf 81' lang='lat'>403</span> 
     </span>
    </p>
   </div>
   <div class='ocr_carea' id='block_1_2' title="bbox 402 279 1700 329">
    <p class='ocr_par' dir='ltr' id='par_1_2' title="bbox 402 279 1700 329">
     <span class='ocr_line' id='line_1_2' title="bbox 402 279 1700 329; baseline -0.001 -13"><span class='ocrx_word' id='word_1_6' title='bbox 402 280 620 316; x_wconf 80' lang='lat' dir='ltr'>DLXXXII.</span> <span class='ocrx_word' id='word_1_7' title='bbox 649 279 1023 315; x_wconf 80' lang='lat' dir='ltr'><strong>MAIANTHEMUM</strong></span> <span class='ocrx_word' id='word_1_8' title='bbox 1051 280 1174 315; x_wconf 68' lang='lat' dir='ltr'>W&#39;icc.</span> <span class='ocrx_word' id='word_1_9' title='bbox 1191 301 1240 305; x_wconf 91' lang='lat'>—</span> <span class='ocrx_word' id='word_1_10' title='bbox 1258 279 1357 315; x_wconf 64' lang='lat' dir='ltr'>Domi</span> <span class='ocrx_word' id='word_1_11' title='bbox 1376 280 1452 315; x_wconf 83' lang='lat' dir='ltr'>Bot.</span> <span class='ocrx_word' id='word_1_12' title='bbox 1470 279 1548 329; x_wconf 84' lang='lat' dir='ltr'>gall.</span> <span class='ocrx_word' id='word_1_13' title='bbox 1565 293 1598 329; x_wconf 89' lang='lat' dir='ltr'>p.</span> <span class='ocrx_word' id='word_1_14' title='bbox 1616 280 1700 329; x_wconf 83' lang='lat'>459.</span> 
     </span>
    </p>
   </div>
   <div class='ocr_carea' id='block_1_3' title="bbox 302 366 1808 603">
    <p class='ocr_par' dir='ltr' id='par_1_3' title="bbox 302 366 1805 478">
     <span class='ocr_line' id='line_1_3' title="bbox 302 366 1805 416; baseline 0 -14"><span class='ocrx_word' id='word_1_15' title='bbox 302 366 412 404; x_wconf 80' lang='lat'><strong>1852.</strong></span> <span class='ocrx_word' id='word_1_16' title='bbox 441 370 761 404; x_wconf 84' lang='lat' dir='ltr'>Maianthemum</span> <span class='ocrx_word' id='word_1_17' title='bbox 798 368 981 403; x_wconf 86' lang='lat' dir='ltr'>bisolium</span> <span class='ocrx_word' id='word_1_18' title='bbox 1013 366 1084 402; x_wconf 89' lang='lat' dir='ltr'>DC.</span> <span class='ocrx_word' id='word_1_19' title='bbox 1115 387 1161 394; x_wconf 90' lang='lat'>--</span> <span class='ocrx_word' id='word_1_20' title='bbox 1193 368 1345 402; x_wconf 71' lang='lat' dir='ltr'>BEnToL.</span> <span class='ocrx_word' id='word_1_21' title='bbox 1372 368 1427 402; x_wconf 89' lang='lat' dir='ltr'>Fl.</span> <span class='ocrx_word' id='word_1_22' title='bbox 1448 369 1522 402; x_wconf 81' lang='grc' dir='ltr'><em>ἰιαί.</em></span> <span class='ocrx_word' id='word_1_23' title='bbox 1543 367 1575 412; x_wconf 89' lang='lat'>4.</span> <span class='ocrx_word' id='word_1_24' title='bbox 1591 380 1630 416; x_wconf 89' lang='lat' dir='ltr'>p.</span> <span class='ocrx_word' id='word_1_25' title='bbox 1656 366 1734 412; x_wconf 81' lang='lat'>145.</span> <span class='ocrx_word' id='word_1_26' title='bbox 1758 390 1805 394; x_wconf 77' lang='lat'>——</span> 
     </span>
     <span class='ocr_line' id='line_1_4' title="bbox 352 429 1489 478; baseline -0.003 -11"><span class='ocrx_word' id='word_1_27' title='bbox 352 432 604 467; x_wconf 74' lang='lat' dir='ltr'>Convallaria</span> <span class='ocrx_word' id='word_1_28' title='bbox 625 432 762 466; x_wconf 83' lang='lat' dir='ltr'>bisolia</span> <span class='ocrx_word' id='word_1_29' title='bbox 781 430 821 463; x_wconf 91' lang='lat' dir='ltr'>L.</span> <span class='ocrx_word' id='word_1_30' title='bbox 840 430 898 477; x_wconf 91' lang='lat' dir='ltr'>Sp.</span> <span class='ocrx_word' id='word_1_31' title='bbox 915 442 948 477; x_wconf 88' lang='lat' dir='ltr'>p.</span> <span class='ocrx_word' id='word_1_32' title='bbox 967 429 1050 473; x_wconf 83' lang='lat'>452.</span> <span class='ocrx_word' id='word_1_33' title='bbox 1068 429 1210 463; x_wconf 72' lang='lat' dir='ltr'>WILLD.</span> <span class='ocrx_word' id='word_1_34' title='bbox 1228 430 1285 478; x_wconf 88' lang='lat' dir='ltr'>Sp.</span> <span class='ocrx_word' id='word_1_35' title='bbox 1305 442 1335 463; x_wconf 84' lang='lat'>2.</span> <span class='ocrx_word' id='word_1_36' title='bbox 1354 442 1387 478; x_wconf 88' lang='lat' dir='ltr'>p.</span> <span class='ocrx_word' id='word_1_37' title='bbox 1411 429 1489 473; x_wconf 80' lang='lat'>164.</span> 
     </span>
    </p>

    <p class='ocr_par' dir='ltr' id='par_1_4' title="bbox 302 490 1808 603">
     <span class='ocr_line' id='line_1_5' title="bbox 302 490 1545 529; baseline -0.002 -1"><span class='ocrx_word' id='word_1_38' title='bbox 302 493 351 528; x_wconf 91' lang='lat' dir='ltr'>Ic.</span> <span class='ocrx_word' id='word_1_39' title='bbox 380 494 530 529; x_wconf 74' lang='lat' dir='ltr'>Litium</span> <span class='ocrx_word' id='word_1_40' title='bbox 550 493 799 529; x_wconf 81' lang='lat' dir='ltr'>convallium</span> <span class='ocrx_word' id='word_1_41' title='bbox 820 494 958 527; x_wconf 84' lang='lat' dir='ltr'>minus</span> <span class='ocrx_word' id='word_1_42' title='bbox 978 499 1046 526; x_wconf 84' lang='lat' dir='ltr'>etc,</span> <span class='ocrx_word' id='word_1_43' title='bbox 1062 492 1215 526; x_wconf 57' lang='lat' dir='ltr'>Binnm..</span> <span class='ocrx_word' id='word_1_44' title='bbox 1232 492 1328 526; x_wconf 89' lang='lat' dir='ltr'>Icon.</span> <span class='ocrx_word' id='word_1_45' title='bbox 1346 490 1419 525; x_wconf 80' lang='lat' dir='ltr'>tab.</span> <span class='ocrx_word' id='word_1_46' title='bbox 1442 504 1545 527; x_wconf 83' lang='lat'>1212.</span> 
     </span>
     <span class='ocr_line' id='line_1_6' title="bbox 352 552 1808 603; baseline -0.001 -14"><span class='ocrx_word' id='word_1_47' title='bbox 352 555 394 589; x_wconf 91' lang='lat' dir='ltr'>In</span> <span class='ocrx_word' id='word_1_48' title='bbox 408 554 515 603; x_wconf 90' lang='lat' dir='ltr'>sylvis</span> <span class='ocrx_word' id='word_1_49' title='bbox 530 554 705 589; x_wconf 86' lang='lat' dir='ltr'>montanis</span> <span class='ocrx_word' id='word_1_50' title='bbox 716 553 894 602; x_wconf 79' lang='lat' dir='ltr'>Apennini</span> <span class='ocrx_word' id='word_1_51' title='bbox 904 552 1075 601; x_wconf 77' lang='lat' dir='ltr'>Liguriae</span> <span class='ocrx_word' id='word_1_52' title='bbox 1090 552 1260 588; x_wconf 85' lang='lat' dir='ltr'>occiduae</span> <span class='ocrx_word' id='word_1_53' title='bbox 1271 553 1558 601; x_wconf 88' lang='lat' dir='ltr'>copiosissimum</span> <span class='ocrx_word' id='word_1_54' title='bbox 1567 554 1753 590; x_wconf 68' lang='lat' dir='ltr'>vamso</span> <span class='ocrx_word' id='word_1_55' title='bbox 1762 553 1808 598; x_wconf 58' lang='lat'>775.</span> 
     </span>
    </p>
   </div>
   <div class='ocr_carea' id='block_1_4' title="bbox 496 651 1615 697">
    <p class='ocr_par' dir='ltr' id='par_1_5' title="bbox 496 651 1615 697">
     <span class='ocr_line' id='line_1_7' title="bbox 496 651 1615 697; baseline -0.001 -9"><span class='ocrx_word' id='word_1_56' title='bbox 496 652 733 688; x_wconf 79' lang='lat' dir='ltr'>DLXXXIII.</span> <span class='ocrx_word' id='word_1_57' title='bbox 761 652 942 687; x_wconf 86' lang='lat' dir='ltr'><strong>SMILAX</strong></span> <span class='ocrx_word' id='word_1_58' title='bbox 969 651 1105 687; x_wconf 65' lang='lat' dir='ltr'>Toum.</span> <span class='ocrx_word' id='word_1_59' title='bbox 1129 672 1174 679; x_wconf 93' lang='lat'>—</span> <span class='ocrx_word' id='word_1_60' title='bbox 1196 652 1305 687; x_wconf 77' lang='lat' dir='ltr'>ENDL.</span> <span class='ocrx_word' id='word_1_61' title='bbox 1326 653 1417 688; x_wconf 87' lang='lat' dir='ltr'>Gen.</span> <span class='ocrx_word' id='word_1_62' title='bbox 1436 657 1485 687; x_wconf 89' lang='lat' dir='ltr'>u.⁰</span> <span class='ocrx_word' id='word_1_63' title='bbox 1512 653 1615 697; x_wconf 83' lang='lat'>1184.</span> 
     </span>
    </p>
   </div>
   <div class='ocr_carea' id='block_1_5' title="bbox 304 751 1815 1362">
    <p class='ocr_par' dir='ltr' id='par_1_6' title="bbox 304 751 1815 1362">
     <span class='ocr_line' id='line_1_8' title="bbox 305 751 1807 801; baseline 0 -14"><span class='ocrx_word' id='word_1_64' title='bbox 305 751 414 788; x_wconf 77' lang='grc'>1855.</span> <span class='ocrx_word' id='word_1_65' title='bbox 444 755 590 789; x_wconf 79' lang='lat' dir='ltr'>Smilax</span> <span class='ocrx_word' id='word_1_66' title='bbox 618 763 758 798; x_wconf 82' lang='lat' dir='ltr'>aspera</span> <span class='ocrx_word' id='word_1_67' title='bbox 786 753 825 787; x_wconf 91' lang='lat' dir='ltr'>L.</span> <span class='ocrx_word' id='word_1_68' title='bbox 844 753 903 801; x_wconf 89' lang='lat' dir='ltr'>Sp.</span> <span class='ocrx_word' id='word_1_69' title='bbox 920 766 954 801; x_wconf 90' lang='lat' dir='ltr'>p.</span> <span class='ocrx_word' id='word_1_70' title='bbox 978 752 1080 796; x_wconf 83' lang='lat'>1458.</span> <span class='ocrx_word' id='word_1_71' title='bbox 1099 752 1242 787; x_wconf 66' lang='lat' dir='ltr'>Wmn.</span> <span class='ocrx_word' id='word_1_72' title='bbox 1260 753 1319 801; x_wconf 91' lang='lat' dir='ltr'>Sp.</span> <span class='ocrx_word' id='word_1_73' title='bbox 1337 752 1369 796; x_wconf 91' lang='lat'>4.</span> <span class='ocrx_word' id='word_1_74' title='bbox 1386 765 1420 801; x_wconf 89' lang='lat' dir='ltr'>p.</span> <span class='ocrx_word' id='word_1_75' title='bbox 1439 753 1522 801; x_wconf 81' lang='lat'>773.</span> <span class='ocrx_word' id='word_1_76' title='bbox 1544 752 1631 787; x_wconf 66' lang='lat' dir='ltr'>Am..</span> <span class='ocrx_word' id='word_1_77' title='bbox 1656 754 1710 788; x_wconf 78' lang='lat' dir='ltr'>Fl.</span> <span class='ocrx_word' id='word_1_78' title='bbox 1726 754 1807 801; x_wconf 79' lang='lat' dir='ltr'>ped.</span> 
     </span>
     <span class='ocr_line' id='line_1_9' title="bbox 358 815 1037 863; baseline -0.003 -14"><span class='ocrx_word' id='word_1_79' title='bbox 358 829 387 849; x_wconf 80' lang='lat'>2.</span> <span class='ocrx_word' id='word_1_80' title='bbox 401 829 440 863; x_wconf 76' lang='grc' dir='ltr'>ρ.</span> <span class='ocrx_word' id='word_1_81' title='bbox 459 815 542 860; x_wconf 83' lang='lat'>224.</span> <span class='ocrx_word' id='word_1_82' title='bbox 559 815 675 850; x_wconf 73' lang='lat' dir='ltr'>Tumo</span> <span class='ocrx_word' id='word_1_83' title='bbox 696 816 752 850; x_wconf 86' lang='lat' dir='ltr'>Pl.</span> <span class='ocrx_word' id='word_1_84' title='bbox 774 818 908 850; x_wconf 70' lang='lat' dir='ltr'>clavar.</span> <span class='ocrx_word' id='word_1_85' title='bbox 923 828 961 862; x_wconf 84' lang='lat' dir='ltr'>p.</span> <span class='ocrx_word' id='word_1_86' title='bbox 980 827 1037 862; x_wconf 86' lang='lat'>29.</span> 
     </span>
     <span class='ocr_line' id='line_1_10' title="bbox 304 877 1282 925; baseline 0 -14"><span class='ocrx_word' id='word_1_87' title='bbox 304 877 350 912; x_wconf 91' lang='lat' dir='ltr'>Ic.</span> <span class='ocrx_word' id='word_1_88' title='bbox 379 879 414 913; x_wconf 91' lang='lat' dir='ltr'>S.</span> <span class='ocrx_word' id='word_1_89' title='bbox 436 889 576 923; x_wconf 84' lang='lat' dir='ltr'>aspera</span> <span class='ocrx_word' id='word_1_90' title='bbox 596 879 720 913; x_wconf 89' lang='lat' dir='ltr'>rutilo</span> <span class='ocrx_word' id='word_1_91' title='bbox 744 880 839 913; x_wconf 89' lang='lat' dir='ltr'>ssorc</span> <span class='ocrx_word' id='word_1_92' title='bbox 863 877 1077 911; x_wconf 77' lang='lat' dir='ltr'>C1.1Js.Hist.</span> <span class='ocrx_word' id='word_1_93' title='bbox 1101 890 1127 911; x_wconf 89' lang='lat'>1.</span> <span class='ocrx_word' id='word_1_94' title='bbox 1146 890 1180 925; x_wconf 87' lang='lat' dir='ltr'>p.</span> <span class='ocrx_word' id='word_1_95' title='bbox 1204 891 1214 911; x_wconf 90' lang='lat'>1</span> <span class='ocrx_word' id='word_1_96' title='bbox 1229 890 1282 911; x_wconf 83' lang='lat'>12.</span> 
     </span>
     <span class='ocr_line' id='line_1_11' title="bbox 356 938 1692 989; baseline -0.001 -15"><span class='ocrx_word' id='word_1_97' title='bbox 356 941 397 974; x_wconf 93' lang='lat' dir='ltr'>In</span> <span class='ocrx_word' id='word_1_98' title='bbox 418 939 613 974; x_wconf 86' lang='lat' dir='ltr'>dumetosis</span> <span class='ocrx_word' id='word_1_99' title='bbox 633 947 669 974; x_wconf 89' lang='lat' dir='ltr'>et</span> <span class='ocrx_word' id='word_1_100' title='bbox 688 938 733 973; x_wconf 84' lang='lat' dir='ltr'>ad</span> <span class='ocrx_word' id='word_1_101' title='bbox 751 951 872 988; x_wconf 79' lang='lat' dir='ltr'>sepes,</span> <span class='ocrx_word' id='word_1_102' title='bbox 891 951 1030 983; x_wconf 78' lang='lat' dir='ltr'>muros,</span> <span class='ocrx_word' id='word_1_103' title='bbox 1049 939 1086 973; x_wconf 91' lang='lat' dir='ltr'>in</span> <span class='ocrx_word' id='word_1_104' title='bbox 1105 940 1249 988; x_wconf 80' lang='lat' dir='ltr'>regione</span> <span class='ocrx_word' id='word_1_105' title='bbox 1271 939 1490 975; x_wconf 85' lang='lat' dir='ltr'>olivetorum</span> <span class='ocrx_word' id='word_1_106' title='bbox 1511 940 1653 989; x_wconf 87' lang='lat' dir='ltr'>passim.</span> <span class='ocrx_word' id='word_1_107' title='bbox 1672 940 1692 977; x_wconf 73' lang='lat'>5</span> 
     </span>
     <span class='ocr_line' id='line_1_12' title="bbox 355 1000 1813 1051; baseline 0.001 -15"><span class='ocrx_word' id='word_1_108' title='bbox 355 1003 464 1036; x_wconf 84' lang='lat' dir='ltr'>Binae</span> <span class='ocrx_word' id='word_1_109' title='bbox 484 1009 567 1036; x_wconf 82' lang='lat' dir='ltr'>sunt</span> <span class='ocrx_word' id='word_1_110' title='bbox 587 1002 795 1045; x_wconf 84' lang='lat' dir='ltr'>varietates,</span> <span class='ocrx_word' id='word_1_111' title='bbox 818 1001 949 1050; x_wconf 88' lang='lat' dir='ltr'>quibus</span> <span class='ocrx_word' id='word_1_112' title='bbox 968 1000 1056 1036; x_wconf 86' lang='lat' dir='ltr'>haec</span> <span class='ocrx_word' id='word_1_113' title='bbox 1076 1002 1215 1050; x_wconf 87' lang='lat' dir='ltr'>species</span> <span class='ocrx_word' id='word_1_114' title='bbox 1235 1002 1272 1036; x_wconf 90' lang='lat' dir='ltr'>in</span> <span class='ocrx_word' id='word_1_115' title='bbox 1300 1010 1537 1050; x_wconf 83' lang='lat' dir='ltr'>conspectum</span> <span class='ocrx_word' id='word_1_116' title='bbox 1563 1002 1684 1038; x_wconf 84' lang='lat' dir='ltr'>venit:</span> <span class='ocrx_word' id='word_1_117' title='bbox 1712 1004 1813 1051; x_wconf 85' lang='lat' dir='ltr'>prior</span> 
     </span>
     <span class='ocr_line' id='line_1_13' title="bbox 308 1063 1811 1113; baseline 0.001 -14"><span class='ocrx_word' id='word_1_118' title='bbox 308 1065 487 1113; x_wconf 81' lang='lat' dir='ltr'>asperiora</span> <span class='ocrx_word' id='word_1_119' title='bbox 508 1064 585 1098; x_wconf 81' lang='lat' dir='ltr'>loca</span> <span class='ocrx_word' id='word_1_120' title='bbox 605 1063 810 1098; x_wconf 85' lang='lat' dir='ltr'>inhabitans</span> <span class='ocrx_word' id='word_1_121' title='bbox 830 1063 984 1112; x_wconf 78' lang='lat' dir='ltr'>praebet</span> <span class='ocrx_word' id='word_1_122' title='bbox 1003 1063 1086 1098; x_wconf 86' lang='lat' dir='ltr'>folia</span> <span class='ocrx_word' id='word_1_123' title='bbox 1104 1063 1276 1112; x_wconf 76' lang='lat' dir='ltr'>rigidiora</span> <span class='ocrx_word' id='word_1_124' title='bbox 1290 1091 1300 1108; x_wconf 88' lang='lat'><em>‚</em></span> <span class='ocrx_word' id='word_1_125' title='bbox 1319 1064 1523 1112; x_wconf 84' lang='lat' dir='ltr'>angustiora</span> <span class='ocrx_word' id='word_1_126' title='bbox 1538 1092 1548 1108; x_wconf 83' lang='lat'><strong><em>,</em></strong></span> <span class='ocrx_word' id='word_1_127' title='bbox 1576 1064 1811 1100; x_wconf 81' lang='lat' dir='ltr'>hastato-cor-</span> 
     </span>
     <span class='ocr_line' id='line_1_14' title="bbox 307 1125 1815 1175; baseline 0.001 -14"><span class='ocrx_word' id='word_1_128' title='bbox 307 1126 388 1161; x_wconf 82' lang='lat' dir='ltr'>data</span> <span class='ocrx_word' id='word_1_129' title='bbox 415 1126 471 1161; x_wconf 90' lang='lat' dir='ltr'>vel</span> <span class='ocrx_word' id='word_1_130' title='bbox 498 1125 662 1169; x_wconf 85' lang='lat' dir='ltr'>cordata,</span> <span class='ocrx_word' id='word_1_131' title='bbox 690 1126 982 1170; x_wconf 85' lang='lat' dir='ltr'>albo-maculata,</span> <span class='ocrx_word' id='word_1_132' title='bbox 1011 1126 1223 1175; x_wconf 82' lang='lat' dir='ltr'>caulemque</span> <span class='ocrx_word' id='word_1_133' title='bbox 1250 1125 1353 1161; x_wconf 85' lang='lat' dir='ltr'>valde</span> <span class='ocrx_word' id='word_1_134' title='bbox 1373 1126 1601 1172; x_wconf 86' lang='lat' dir='ltr'>aculeatum,</span> <span class='ocrx_word' id='word_1_135' title='bbox 1628 1127 1743 1162; x_wconf 85' lang='lat' dir='ltr'>altera</span> <span class='ocrx_word' id='word_1_136' title='bbox 1770 1127 1815 1163; x_wconf 85' lang='lat' dir='ltr'>ad</span> 
     </span>
     <span class='ocr_line' id='line_1_15' title="bbox 306 1187 1812 1237; baseline 0.001 -14"><span class='ocrx_word' id='word_1_137' title='bbox 306 1200 411 1237; x_wconf 85' lang='lat' dir='ltr'>sepes</span> <span class='ocrx_word' id='word_1_138' title='bbox 431 1196 467 1223; x_wconf 88' lang='lat' dir='ltr'>et</span> <span class='ocrx_word' id='word_1_139' title='bbox 480 1188 514 1223; x_wconf 86' lang='lat' dir='ltr'>in</span> <span class='ocrx_word' id='word_1_140' title='bbox 530 1188 712 1237; x_wconf 83' lang='lat' dir='ltr'>sylvaticis</span> <span class='ocrx_word' id='word_1_141' title='bbox 726 1187 954 1236; x_wconf 76' lang='lat' dir='ltr'>distinguitur</span> <span class='ocrx_word' id='word_1_142' title='bbox 967 1187 1061 1223; x_wconf 89' lang='lat' dir='ltr'>foliis</span> <span class='ocrx_word' id='word_1_143' title='bbox 1076 1188 1326 1236; x_wconf 82' lang='lat' dir='ltr'>amplioribus,</span> <span class='ocrx_word' id='word_1_144' title='bbox 1348 1190 1507 1236; x_wconf 87' lang='lat' dir='ltr'>margine</span> <span class='ocrx_word' id='word_1_145' title='bbox 1521 1189 1693 1224; x_wconf 88' lang='lat' dir='ltr'>aculeolis</span> <span class='ocrx_word' id='word_1_146' title='bbox 1708 1190 1812 1233; x_wconf 81' lang='lat' dir='ltr'>raris,</span> 
     </span>
     <span class='ocr_line' id='line_1_16' title="bbox 307 1249 1811 1298; baseline 0.001 -14"><span class='ocrx_word' id='word_1_147' title='bbox 307 1251 512 1294; x_wconf 78' lang='lat' dir='ltr'>instructis,</span> <span class='ocrx_word' id='word_1_148' title='bbox 533 1250 589 1285; x_wconf 92' lang='lat' dir='ltr'>vel</span> <span class='ocrx_word' id='word_1_149' title='bbox 608 1250 823 1285; x_wconf 87' lang='lat' dir='ltr'>inermibus:</span> <span class='ocrx_word' id='word_1_150' title='bbox 843 1249 932 1285; x_wconf 84' lang='lat' dir='ltr'>haec</span> <span class='ocrx_word' id='word_1_151' title='bbox 952 1250 1066 1284; x_wconf 87' lang='lat' dir='ltr'>multa</span> <span class='ocrx_word' id='word_1_152' title='bbox 1086 1249 1197 1286; x_wconf 84' lang='lat' dir='ltr'>habet</span> <span class='ocrx_word' id='word_1_153' title='bbox 1217 1252 1252 1286; x_wconf 85' lang='lat' dir='ltr'>S.</span> <span class='ocrx_word' id='word_1_154' title='bbox 1274 1252 1594 1298; x_wconf 76' lang='lat' dir='ltr'>lnauritanicae⁷</span> <span class='ocrx_word' id='word_1_155' title='bbox 1616 1252 1678 1287; x_wconf 88' lang='lat' dir='ltr'>sed</span> <span class='ocrx_word' id='word_1_156' title='bbox 1696 1253 1811 1287; x_wconf 75' lang='lat' dir='ltr'>varia—</span> 
     </span>
     <span class='ocr_line' id='line_1_17' title="bbox 307 1311 1149 1362; baseline 0.001 -16"><span class='ocrx_word' id='word_1_157' title='bbox 307 1312 465 1347; x_wconf 87' lang='lat' dir='ltr'>tionibus</span> <span class='ocrx_word' id='word_1_158' title='bbox 486 1311 708 1347; x_wconf 85' lang='lat' dir='ltr'>intermediis</span> <span class='ocrx_word' id='word_1_159' title='bbox 728 1312 961 1361; x_wconf 86' lang='lat' dir='ltr'>praecedenti</span> <span class='ocrx_word' id='word_1_160' title='bbox 976 1313 1149 1362; x_wconf 84' lang='lat' dir='ltr'>iungitur.</span> 
     </span>
    </p>
   </div>
   <div class='ocr_carea' id='block_1_6' title="bbox 498 1412 1620 1449">
    <p class='ocr_par' dir='ltr' id='par_1_7' title="bbox 498 1412 1620 1449">
     <span class='ocr_line' id='line_1_18' title="bbox 498 1412 1620 1449; baseline 0.001 -2"><span class='ocrx_word' id='word_1_161' title='bbox 498 1413 736 1448; x_wconf 84' lang='lat' dir='ltr'>DLXXXIV.</span> <span class='ocrx_word' id='word_1_162' title='bbox 764 1412 950 1448; x_wconf 88' lang='lat' dir='ltr'>RUSCUS</span> <span class='ocrx_word' id='word_1_163' title='bbox 978 1413 1117 1447; x_wconf 75' lang='lat' dir='ltr'>TOURN.</span> <span class='ocrx_word' id='word_1_164' title='bbox 1135 1433 1181 1439; x_wconf 95' lang='lat'>—</span> <span class='ocrx_word' id='word_1_165' title='bbox 1198 1412 1310 1447; x_wconf 67' lang='lat' dir='ltr'>Em..</span> <span class='ocrx_word' id='word_1_166' title='bbox 1329 1414 1420 1448; x_wconf 90' lang='lat' dir='ltr'>Gen.</span> <span class='ocrx_word' id='word_1_167' title='bbox 1440 1416 1491 1448; x_wconf 87' lang='lat' dir='ltr'>n.⁰</span> <span class='ocrx_word' id='word_1_168' title='bbox 1518 1427 1528 1447; x_wconf 93' lang='lat'>1</span> <span class='ocrx_word' id='word_1_169' title='bbox 1543 1414 1620 1449; x_wconf 82' lang='lat'>188.</span> 
     </span>
    </p>
   </div>
   <div class='ocr_carea' id='block_1_7' title="bbox 308 1512 1812 1686">
    <p class='ocr_par' dir='ltr' id='par_1_8' title="bbox 308 1512 1812 1686">
     <span class='ocr_line' id='line_1_19' title="bbox 308 1512 1812 1564; baseline 0 -16"><span class='ocrx_word' id='word_1_170' title='bbox 308 1512 416 1549; x_wconf 64' lang='lat'>1851.</span> <span class='ocrx_word' id='word_1_171' title='bbox 443 1515 598 1549; x_wconf 81' lang='lat' dir='ltr'>RuSCUS</span> <span class='ocrx_word' id='word_1_172' title='bbox 626 1514 834 1549; x_wconf 71' lang='lat' dir='ltr'>aculeatus</span> <span class='ocrx_word' id='word_1_173' title='bbox 861 1514 901 1547; x_wconf 89' lang='lat' dir='ltr'>L.</span> <span class='ocrx_word' id='word_1_174' title='bbox 919 1514 978 1562; x_wconf 90' lang='lat' dir='ltr'>Sp.</span> <span class='ocrx_word' id='word_1_175' title='bbox 995 1527 1029 1562; x_wconf 90' lang='lat' dir='ltr'>p.</span> <span class='ocrx_word' id='word_1_176' title='bbox 1052 1513 1157 1562; x_wconf 80' lang='lat'>1474.</span> <span class='ocrx_word' id='word_1_177' title='bbox 1180 1512 1325 1548; x_wconf 80' lang='lat' dir='ltr'>W1LL1).</span> <span class='ocrx_word' id='word_1_178' title='bbox 1343 1514 1402 1562; x_wconf 88' lang='lat' dir='ltr'>Sp.</span> <span class='ocrx_word' id='word_1_179' title='bbox 1421 1514 1452 1558; x_wconf 88' lang='lat'>4.</span> <span class='ocrx_word' id='word_1_180' title='bbox 1471 1527 1504 1563; x_wconf 89' lang='lat' dir='ltr'>p.</span> <span class='ocrx_word' id='word_1_181' title='bbox 1522 1514 1604 1564; x_wconf 84' lang='lat'>874.</span> <span class='ocrx_word' id='word_1_182' title='bbox 1621 1515 1737 1550; x_wconf 79' lang='lat' dir='ltr'>Tumo</span> <span class='ocrx_word' id='word_1_183' title='bbox 1760 1517 1812 1550; x_wconf 82' lang='lat' dir='ltr'>Pl.</span> 
     </span>
     <span class='ocr_line' id='line_1_20' title="bbox 357 1580 619 1624; baseline -0.008 -14"><span class='ocrx_word' id='word_1_184' title='bbox 357 1580 541 1624; x_wconf 58' lang='lat' dir='ltr'>clavat-4).</span> <span class='ocrx_word' id='word_1_185' title='bbox 562 1588 619 1622; x_wconf 81' lang='lat'>29.</span> 
     </span>
     <span class='ocr_line' id='line_1_21' title="bbox 309 1637 1118 1686; baseline -0.001 -14"><span class='ocrx_word' id='word_1_186' title='bbox 309 1639 358 1673; x_wconf 91' lang='lat' dir='ltr'>Ic.</span> <span class='ocrx_word' id='word_1_187' title='bbox 384 1639 650 1685; x_wconf 80' lang='lat' dir='ltr'>Myrticautha</span> <span class='ocrx_word' id='word_1_188' title='bbox 678 1644 747 1671; x_wconf 85' lang='lat' dir='ltr'>etc.</span> <span class='ocrx_word' id='word_1_189' title='bbox 764 1637 848 1672; x_wconf 76' lang='lat' dir='ltr'>Lon.</span> <span class='ocrx_word' id='word_1_190' title='bbox 867 1637 965 1672; x_wconf 89' lang='lat' dir='ltr'>Icon.</span> <span class='ocrx_word' id='word_1_191' title='bbox 984 1652 1017 1686; x_wconf 88' lang='lat' dir='ltr'>p.</span> <span class='ocrx_word' id='word_1_192' title='bbox 1033 1637 1118 1686; x_wconf 82' lang='lat'>637.</span> 
     </span>
    </p>
   </div>
   <div class='ocr_carea' id='block_1_8' title="bbox 360 1699 1511 1749">
    <p class='ocr_par' dir='ltr' id='par_1_9' title="bbox 360 1699 1511 1749">
     <span class='ocr_line' id='line_1_22' title="bbox 360 1699 1511 1749; baseline 0.003 -15"><span class='ocrx_word' id='word_1_193' title='bbox 360 1701 402 1735; x_wconf 90' lang='lat' dir='ltr'>In</span> <span class='ocrx_word' id='word_1_194' title='bbox 423 1700 603 1749; x_wconf 88' lang='lat' dir='ltr'>sylvaticis</span> <span class='ocrx_word' id='word_1_195' title='bbox 623 1699 769 1734; x_wconf 86' lang='lat' dir='ltr'>collium</span> <span class='ocrx_word' id='word_1_196' title='bbox 788 1708 824 1734; x_wconf 80' lang='lat' dir='ltr'>et</span> <span class='ocrx_word' id='word_1_197' title='bbox 842 1700 1017 1735; x_wconf 86' lang='lat' dir='ltr'>montium</span> <span class='ocrx_word' id='word_1_198' title='bbox 1036 1699 1270 1735; x_wconf 85' lang='lat' dir='ltr'>humiliorum</span> <span class='ocrx_word' id='word_1_199' title='bbox 1292 1700 1471 1748; x_wconf 83' lang='lat' dir='ltr'>frequens.</span> <span class='ocrx_word' id='word_1_200' title='bbox 1490 1701 1511 1738; x_wconf 71' lang='grc'>5</span> 
     </span>
    </p>
   </div>
   <div class='ocr_carea' id='block_1_9' title="bbox 311 1799 1812 1911">
    <p class='ocr_par' dir='ltr' id='par_1_10' title="bbox 311 1799 1812 1911">
     <span class='ocr_line' id='line_1_23' title="bbox 311 1799 1812 1849; baseline 0.001 -16"><span class='ocrx_word' id='word_1_201' title='bbox 311 1799 417 1834; x_wconf 75' lang='lat'><strong>1855.</strong></span> <span class='ocrx_word' id='word_1_202' title='bbox 438 1802 593 1836; x_wconf 85' lang='lat' dir='ltr'>Ruscus</span> <span class='ocrx_word' id='word_1_203' title='bbox 609 1803 900 1846; x_wconf 76' lang='lat' dir='ltr'>Ilypoglossunl</span> <span class='ocrx_word' id='word_1_204' title='bbox 916 1802 956 1835; x_wconf 93' lang='lat' dir='ltr'>L.</span> <span class='ocrx_word' id='word_1_205' title='bbox 975 1801 1031 1849; x_wconf 80' lang='lat' dir='ltr'>Sp.</span> <span class='ocrx_word' id='word_1_206' title='bbox 1050 1814 1083 1849; x_wconf 87' lang='lat' dir='ltr'>p.</span> <span class='ocrx_word' id='word_1_207' title='bbox 1097 1799 1362 1849; x_wconf 75' lang='lat' dir='ltr'>1474.W11,Ln.</span> <span class='ocrx_word' id='word_1_208' title='bbox 1381 1801 1440 1849; x_wconf 81' lang='lat' dir='ltr'>Sp.</span> <span class='ocrx_word' id='word_1_209' title='bbox 1460 1801 1491 1845; x_wconf 80' lang='lat'>4.</span> <span class='ocrx_word' id='word_1_210' title='bbox 1510 1813 1542 1848; x_wconf 83' lang='lat' dir='ltr'>p.</span> <span class='ocrx_word' id='word_1_211' title='bbox 1560 1800 1643 1849; x_wconf 81' lang='lat'>875.</span> <span class='ocrx_word' id='word_1_212' title='bbox 1660 1801 1812 1837; x_wconf 53' lang='lat' dir='ltr'>Baimoi.</span> 
     </span>
     <span class='ocr_line' id='line_1_24' title="bbox 360 1862 1134 1911; baseline -0.001 -15"><span class='ocrx_word' id='word_1_213' title='bbox 360 1862 508 1897; x_wconf 76' lang='lat' dir='ltr'>Amoen.</span> <span class='ocrx_word' id='word_1_214' title='bbox 525 1876 563 1910; x_wconf 75' lang='lat' dir='ltr'>s).</span> <span class='ocrx_word' id='word_1_215' title='bbox 585 1862 642 1905; x_wconf 79' lang='lat'>42.</span> <span class='ocrx_word' id='word_1_216' title='bbox 660 1863 745 1896; x_wconf 69' lang='lat' dir='ltr'>Am..</span> <span class='ocrx_word' id='word_1_217' title='bbox 764 1863 820 1896; x_wconf 85' lang='lat' dir='ltr'>Fl.</span> <span class='ocrx_word' id='word_1_218' title='bbox 836 1862 921 1910; x_wconf 78' lang='lat' dir='ltr'>ped.</span> <span class='ocrx_word' id='word_1_219' title='bbox 943 1875 974 1896; x_wconf 88' lang='lat'>2.</span> <span class='ocrx_word' id='word_1_220' title='bbox 991 1875 1029 1911; x_wconf 78' lang='lat' dir='ltr'>p.</span> <span class='ocrx_word' id='word_1_221' title='bbox 1053 1862 1134 1897; x_wconf 83' lang='lat'>225.</span> 
     </span>
    </p>
   </div>
   <div class='ocr_carea' id='block_1_10' title="bbox 311 1924 1818 2410">
    <p class='ocr_par' dir='ltr' id='par_1_11' title="bbox 311 1924 1287 1972">
     <span class='ocr_line' id='line_1_25' title="bbox 311 1924 1287 1972; baseline 0.001 -15"><span class='ocrx_word' id='word_1_222' title='bbox 311 1925 359 1958; x_wconf 84' lang='lat' dir='ltr'>Ic.</span> <span class='ocrx_word' id='word_1_223' title='bbox 388 1926 677 1970; x_wconf 70' lang='lat' dir='ltr'>llypoglossuni</span> <span class='ocrx_word' id='word_1_224' title='bbox 704 1925 908 1960; x_wconf 80' lang='lat' dir='ltr'>Bonisacia</span> <span class='ocrx_word' id='word_1_225' title='bbox 935 1925 1019 1958; x_wconf 74' lang='lat' dir='ltr'>Lon.</span> <span class='ocrx_word' id='word_1_226' title='bbox 1037 1925 1133 1958; x_wconf 88' lang='lat' dir='ltr'>Icon.</span> <span class='ocrx_word' id='word_1_227' title='bbox 1152 1937 1184 1972; x_wconf 90' lang='lat' dir='ltr'>p.</span> <span class='ocrx_word' id='word_1_228' title='bbox 1201 1924 1287 1959; x_wconf 79' lang='lat'>(338.</span> 
     </span>
    </p>

    <p class='ocr_par' dir='ltr' id='par_1_12' title="bbox 362 1985 1612 2035">
     <span class='ocr_line' id='line_1_26' title="bbox 362 1985 1612 2035; baseline 0 -16"><span class='ocrx_word' id='word_1_229' title='bbox 362 1986 402 2020; x_wconf 92' lang='lat' dir='ltr'>In</span> <span class='ocrx_word' id='word_1_230' title='bbox 425 1985 533 2034; x_wconf 85' lang='lat' dir='ltr'>sylvis</span> <span class='ocrx_word' id='word_1_231' title='bbox 555 1987 733 2020; x_wconf 80' lang='lat' dir='ltr'>montanis</span> <span class='ocrx_word' id='word_1_232' title='bbox 753 1986 932 2035; x_wconf 87' lang='lat' dir='ltr'>Apennini</span> <span class='ocrx_word' id='word_1_233' title='bbox 953 1987 1143 2034; x_wconf 85' lang='lat' dir='ltr'>genuensis</span> <span class='ocrx_word' id='word_1_234' title='bbox 1163 1994 1199 2020; x_wconf 87' lang='lat' dir='ltr'>et</span> <span class='ocrx_word' id='word_1_235' title='bbox 1220 1987 1256 2020; x_wconf 91' lang='lat' dir='ltr'>in</span> <span class='ocrx_word' id='word_1_236' title='bbox 1278 1999 1362 2035; x_wconf 86' lang='lat' dir='ltr'>agro</span> <span class='ocrx_word' id='word_1_237' title='bbox 1382 1986 1572 2022; x_wconf 78' lang='lat' dir='ltr'>nicaeensi.</span> <span class='ocrx_word' id='word_1_238' title='bbox 1592 1985 1612 2024; x_wconf 73' lang='grc'><em>5</em></span> 
     </span>
    </p>

    <p class='ocr_par' dir='ltr' id='par_1_13' title="bbox 312 2047 1818 2410">
     <span class='ocr_line' id='line_1_27' title="bbox 361 2047 1817 2098; baseline 0.003 -17"><span class='ocrx_word' id='word_1_239' title='bbox 361 2047 460 2082; x_wconf 86' lang='lat' dir='ltr'>Folia</span> <span class='ocrx_word' id='word_1_240' title='bbox 480 2047 598 2096; x_wconf 84' lang='lat' dir='ltr'>quoad</span> <span class='ocrx_word' id='word_1_241' title='bbox 617 2047 900 2096; x_wconf 85' lang='lat' dir='ltr'>magnitudinem</span> <span class='ocrx_word' id='word_1_242' title='bbox 920 2057 954 2083; x_wconf 88' lang='lat' dir='ltr'>et</span> <span class='ocrx_word' id='word_1_243' title='bbox 972 2048 1125 2083; x_wconf 85' lang='lat' dir='ltr'>formam</span> <span class='ocrx_word' id='word_1_244' title='bbox 1138 2049 1252 2092; x_wconf 83' lang='lat' dir='ltr'>varia,</span> <span class='ocrx_word' id='word_1_245' title='bbox 1269 2057 1467 2084; x_wconf 89' lang='lat' dir='ltr'>occurrunt</span> <span class='ocrx_word' id='word_1_246' title='bbox 1482 2048 1633 2084; x_wconf 87' lang='lat' dir='ltr'>obverse</span> <span class='ocrx_word' id='word_1_247' title='bbox 1648 2049 1817 2098; x_wconf 81' lang='lat' dir='ltr'>oblongo-</span> 
     </span>
     <span class='ocr_line' id='line_1_28' title="bbox 312 2109 1817 2160; baseline 0.001 -16"><span class='ocrx_word' id='word_1_248' title='bbox 312 2109 530 2153; x_wconf 86' lang='lat' dir='ltr'>lanceolata‚</span> <span class='ocrx_word' id='word_1_249' title='bbox 555 2109 946 2158; x_wconf 80' lang='lat' dir='ltr'>elliptico-lanceolata‚</span> <span class='ocrx_word' id='word_1_250' title='bbox 974 2111 1238 2156; x_wconf 80' lang='lat' dir='ltr'>lanceolatave,</span> <span class='ocrx_word' id='word_1_251' title='bbox 1266 2111 1408 2160; x_wconf 86' lang='lat' dir='ltr'>apicem</span> <span class='ocrx_word' id='word_1_252' title='bbox 1434 2124 1561 2146; x_wconf 87' lang='lat' dir='ltr'>versus</span> <span class='ocrx_word' id='word_1_253' title='bbox 1590 2111 1817 2147; x_wconf 86' lang='lat' dir='ltr'>obtusiuscu-</span> 
     </span>
     <span class='ocr_line' id='line_1_29' title="bbox 314 2172 1818 2222; baseline 0.001 -16"><span class='ocrx_word' id='word_1_254' title='bbox 314 2172 386 2206; x_wconf 89' lang='lat' dir='ltr'>lum</span> <span class='ocrx_word' id='word_1_255' title='bbox 407 2172 484 2221; x_wconf 88' lang='lat' dir='ltr'>plus</span> <span class='ocrx_word' id='word_1_256' title='bbox 507 2172 670 2207; x_wconf 80' lang='lat' dir='ltr'>minusve</span> <span class='ocrx_word' id='word_1_257' title='bbox 691 2180 881 2207; x_wconf 83' lang='lat' dir='ltr'>attenuata.</span> <span class='ocrx_word' id='word_1_258' title='bbox 910 2172 1087 2208; x_wconf 89' lang='lat' dir='ltr'>Foliolum</span> <span class='ocrx_word' id='word_1_259' title='bbox 1115 2186 1229 2222; x_wconf 88' lang='lat' dir='ltr'>aeque</span> <span class='ocrx_word' id='word_1_260' title='bbox 1257 2174 1369 2208; x_wconf 84' lang='lat' dir='ltr'>variat</span> <span class='ocrx_word' id='word_1_261' title='bbox 1396 2186 1414 2208; x_wconf 92' lang='lat' dir='ltr'>e</span> <span class='ocrx_word' id='word_1_262' title='bbox 1442 2173 1520 2208; x_wconf 84' lang='lat' dir='ltr'>basi</span> <span class='ocrx_word' id='word_1_263' title='bbox 1547 2174 1674 2208; x_wconf 83' lang='lat' dir='ltr'>obtusa</span> <span class='ocrx_word' id='word_1_264' title='bbox 1701 2174 1818 2209; x_wconf 88' lang='lat' dir='ltr'>sessili</span> 
     </span>
     <span class='ocr_line' id='line_1_30' title="bbox 314 2232 1818 2284; baseline 0.003 -17"><span class='ocrx_word' id='word_1_265' title='bbox 314 2232 726 2282; x_wconf 83' lang='lat' dir='ltr'>oblongo-lanceolatum</span> <span class='ocrx_word' id='word_1_266' title='bbox 738 2262 748 2278; x_wconf 86' lang='grc'>,</span> <span class='ocrx_word' id='word_1_267' title='bbox 768 2234 1063 2279; x_wconf 80' lang='lat' dir='ltr'>lanceolatumve,</span> <span class='ocrx_word' id='word_1_268' title='bbox 1083 2235 1296 2284; x_wconf 87' lang='lat' dir='ltr'>plerumque</span> <span class='ocrx_word' id='word_1_269' title='bbox 1315 2235 1548 2284; x_wconf 84' lang='lat' dir='ltr'>longitudinis</span> <span class='ocrx_word' id='word_1_270' title='bbox 1566 2236 1690 2271; x_wconf 85' lang='lat' dir='ltr'>tertiae</span> <span class='ocrx_word' id='word_1_271' title='bbox 1706 2236 1818 2284; x_wconf 85' lang='lat' dir='ltr'>partis</span> 
     </span>
     <span class='ocr_line' id='line_1_31' title="bbox 315 2295 1818 2346; baseline 0.002 -16"><span class='ocrx_word' id='word_1_272' title='bbox 315 2295 402 2339; x_wconf 82' lang='lat' dir='ltr'>folii,</span> <span class='ocrx_word' id='word_1_273' title='bbox 421 2295 483 2330; x_wconf 85' lang='lat' dir='ltr'>sed</span> <span class='ocrx_word' id='word_1_274' title='bbox 504 2304 540 2330; x_wconf 85' lang='lat' dir='ltr'>et</span> <span class='ocrx_word' id='word_1_275' title='bbox 560 2295 703 2331; x_wconf 81' lang='lat' dir='ltr'>brevius</span> <span class='ocrx_word' id='word_1_276' title='bbox 723 2297 892 2340; x_wconf 83' lang='lat' dir='ltr'>occurrit,</span> <span class='ocrx_word' id='word_1_277' title='bbox 910 2297 968 2331; x_wconf 88' lang='lat' dir='ltr'>vel</span> <span class='ocrx_word' id='word_1_278' title='bbox 990 2296 1145 2346; x_wconf 86' lang='lat' dir='ltr'>denique</span> <span class='ocrx_word' id='word_1_279' title='bbox 1161 2297 1417 2333; x_wconf 87' lang='lat' dir='ltr'>brevissimum</span> <span class='ocrx_word' id='word_1_280' title='bbox 1433 2306 1591 2342; x_wconf 80' lang='lat' dir='ltr'>ovatum,</span> <span class='ocrx_word' id='word_1_281' title='bbox 1607 2298 1662 2333; x_wconf 89' lang='lat' dir='ltr'>vel</span> <span class='ocrx_word' id='word_1_282' title='bbox 1678 2298 1818 2333; x_wconf 82' lang='lat' dir='ltr'>lineari-</span> 
     </span>
     <span class='ocr_line' id='line_1_32' title="bbox 317 2352 1474 2410; baseline 0.002 -18"><span class='ocrx_word' id='word_1_283' title='bbox 317 2365 499 2394; x_wconf 84' lang='lat' dir='ltr'>acutatum</span> <span class='ocrx_word' id='word_1_284' title='bbox 516 2359 571 2394; x_wconf 72' lang='lat' dir='ltr'>vix</span> <span class='ocrx_word' id='word_1_285' title='bbox 591 2358 810 2407; x_wconf 73' lang='lat' dir='ltr'>longitudine</span> <span class='ocrx_word' id='word_1_286' title='bbox 832 2359 936 2395; x_wconf 86' lang='lat' dir='ltr'>floris.</span> <span class='ocrx_word' id='word_1_287' title='bbox 958 2359 1056 2395; x_wconf 77' lang='lat' dir='ltr'>Folia</span> <span class='ocrx_word' id='word_1_288' title='bbox 1077 2361 1147 2395; x_wconf 85' lang='lat' dir='ltr'>ima</span> <span class='ocrx_word' id='word_1_289' title='bbox 1168 2352 1271 2410; x_wconf 84' lang='lat' dir='ltr'>saepe</span> <span class='ocrx_word' id='word_1_290' title='bbox 1292 2361 1474 2410; x_wconf 62' lang='lat' dir='ltr'>opposita.0</span> 
     </span>
    </p>
   </div>
  </div>
 </body>
</html>
