2259 3036
459 172 531 210 326
888 183 1137 208 REPERTORIUM
1166 181 1298 206 FLORAE
1321 182 1533 205 'LIGUSTICAE

711 283 908 319 CCCCLV.
938 281 1156 317 STACHYS
1182 282 1317 316 anrn.
1333 281 1421 316 Lab.
1437 280 1459 316 l.
1475 294 1505 316 c.
1520 287 1556 316 et
1575 294 1610 331 p.
1627 280 1711 325 524.

458 371 567 408 1452.
597 374 761 419 Stachys
788 372 1004 407 densiflora
1030 370 1162 404 BENTH.
1179 382 1213 418 p.
1231 369 1314 405 532.
1339 389 1386 397 -
1412 370 1604 406 Betonica
1626 370 1784 405 hirsuta
1802 369 1843 403 L.
1859 369 1967 404 Mant.

509 436 556 470 II.
580 456 626 462 —
646 434 734 470 Cod.
751 433 857 469 Linn.
874 437 922 468 n.⁰
944 433 1052 477 4231.
1074 433 1176 468 Kocn
1197 432 1281 482 Syn.
1298 446 1332 481 p.
1351 432 1436 481 57⁰·

458 498 505 532 Ic.
533 498 724 534 Betonica
744 497 881 542 alpina
900 498 1046 531 incana
1066 503 1133 530 etc.
1150 495 1304 529 BAmzm..
1320 495 1419 529 Icon.
1437 493 1507 529 tab.
1525 492 1610 537 340.

507 560 551 594 In
570 559 719 594 collibus
741 557 784 593 ad
804 558 1089 607 promontorium
1112 557 1200 592 Noli
1220 557 1302 592 Vlv.
1320 554 1420 591 herb.
1445 576 1490 583 —
1519 556 1557 590 in
1578 568 1664 604 agro
1682 555 1861 590 nicaeensi
1879 554 1970 590 Rev.

458 622 691 657 MONTomvo.
708 619 744 670 735

510 685 704 733 Specimen
726 696 746 717 a
767 683 854 717 Rev.
879 683 1093 717 Momomvo
1125 682 1289 724 missum,
1314 679 1436 715 differt
1466 693 1485 714 a
1512 680 1618 724 citat-o
1650 678 1752 714 herb.
1783 679 1967 721 V1V1AN113

459 754 598 782 statura
615 745 716 780 brevi
738 745 789 780 vix
807 744 976 793 palmari,
997 744 1091 779 foliis
1110 744 1220 778 breve
1241 743 1437 793 petiolatis,
1456 741 1517 777 sed
1537 742 1677 792 calyces
1696 743 1824 777 eximie
1843 743 1972 777 reticu-

439 808 443 812 ’
460 809 547 844 latos
567 807 731 858 praebet,
753 806 906 842 corollas
926 806 1055 850 hirtas,
1074 808 1219 841 omnino
1241 814 1280 840 nt
1300 807 1334 840 in
1358 805 1390 852 β.
1408 804 1553 840 hirsuta.

460 906 571 943 1455.
595 910 760 954 Stachys
781 909 972 942 Betonica
993 906 1127 940 BENTH.
1145 919 1179 954 p.
1201 905 1284 940 532.
1301 926 1349 930 ——
1364 906 1554 940 Betonica
1569 905 1781 940 officinalis
1800 905 1839 938 L.
1858 905 1917 952 Sp.
1935 917 1970 952 p.

511 972 595 1005 810.
611 990 656 996 —
673 970 792 1004 Tumo
812 970 867 1004 Pl.
884 971 1070 1016 clavatus).
1094 969 1146 1002 18.
1165 988 1211 995 -
1230 970 1270 1002 B.
1293 968 1433 1003 stricta
1455 967 1535 1001 A1T.

462 1034 510 1068 Ic.
539 1034 733 1068 Betonica
753 1033 839 1067 Lon.
856 1032 953 1066 Icon.
972 1044 1006 1079 p.
1024 1030 1107 1065 532.

513 1096 556 1130 In
578 1095 717 1144 pascuis
738 1095 887 1143 apricis,
907 1093 1133 1144 sylvaticisve
1153 1093 1296 1142 passim.
1313 1092 1349 1142 ᾏΕ

513 1158 639 1192 Planta
658 1170 724 1206 pro
744 1157 822 1192 loco
841 1156 943 1191 valde
967 1155 1177 1191 ludibunda.

466 1245 575 1281 1151.
606 1248 770 1292 Stachys
793 1247 927 1281 italica
949 1246 1057 1279 Mna..
1075 1267 1122 1270 —
1142 1245 1277 1278 ΒΕΝΤΗ.
1295 1257 1329 1292 p.
1347 1242 1430 1278 536.
1449 1257 1480 1278 α.

464 1309 512 1343 Ic.
542 1311 577 1344 S.
600 1309 848 1344 salviaesolia
867 1308 954 1341 Tm.
972 1306 1005 1340 ss.
1022 1319 1125 1355 neap.
1144 1306 1214 1340 tal).
1236 1306 1296 1341 53.

514 1372 554 1405 In
575 1370 713 1405 olivetis
733 1382 839 1418 supra
858 1369 1044 1415 Por-tofino
1064 1377 1099 1403 eL
1119 1369 1155 1403 in
1175 1382 1261 1417 agro
1281 1369 1496 1404 sarzanensi.
1513 1367 1549 1417 7ss

516 1433 643 1467 Planta
663 1440 735 1467 iota
756 1439 916 1467 tomento
938 1431 1082 1480 copioso
1103 1431 1279 1474 albicans,
1307 1444 1377 1479 quo
1406 1439 1445 1465 ut
1472 1439 1508 1465 et
1526 1430 1619 1465 foliis
1640 1429 1821 1478 oblongis,
1842 1436 1974 1464 statura

466 1496 604 1530 minore
625 1502 692 1529 elo.
712 1508 730 1528 a
752 1496 787 1529 S.
809 1495 1041 1540 germanica
1059 1494 1190 1527 merito
1212 1492 1449 1541 distinguitur.

470 1594 580 1630 11:55.
609 1597 774 1640 Stachys
795 1595 1025 1640 germanica
1045 1594 1084 1627 L.
1103 1593 1161 1641 Sp.
1180 1606 1213 1641 p.
1231 1594 1314 1627 812.
1332 1594 1463 1627 BENTH.
1481 1606 1514 1641 p.
1533 1592 1617 1628 536.

470 1658 518 1693 lc.
546 1658 690 1691 Rssicnss.
719 1656 771 1690 Pl.
789 1656 868 1690 crit.
885 1655 956 1690 tab.
973 1656 1059 1703 950.

521 1720 563 1754 In
581 1718 747 1764 incultis,
767 1726 804 1753 et
822 1717 866 1752 ad
885 1718 959 1753 vias
979 1718 1015 1752 in
1036 1718 1181 1765 Liguria
1200 1718 1351 1752 novensi
1374 1717 1572 1751 Rom-:mm
1590 1716 1625 1766 ᾏί

474 1805 583 1842 1456.
612 1809 775 1853 Staehys
802 1807 991 1842 Heraclea
1015 1806 1147 1839 BENTH.
1163 1804 1251 1839 Lab.
1269 1817 1304 1853 p.
1322 1804 1404 1848 534.
1423 1817 1454 1838 α.
1477 1824 1521 1831 -
1543 1807 1578 1840 S.
1601 1806 1788 1841 Heraclea
1809 1806 1893 1839 Am..
1922 1805 1975 1838 Fl.

516 1870 598 1917 ped.
622 1883 649 1903 1.
668 1883 706 1917 p.
725 1868 783 1903 31.
799 1889 844 1895 —
866 1871 901 1904 S.
923 1869 1112 1903 Heraclea
1133 1872 1172 1903 et
1193 1870 1227 1902 S.
1249 1878 1288 1902 n.
1313 1869 1374 1912 Sp.
1397 1864 1599 1901 V1V.herl).

472 1932 519 1965 Ic.
550 1933 638 1966 Am..
654 1930 676 1965 l.
695 1944 724 1964 c.
742 1930 811 1964 tab.
829 1930 887 1974 84.
905 1928 962 1978 fig.
985 1943 1012 1964 1.
1030 1929 1133 1963 mala.

524 1993 784 2040 Vulgatissima
802 1993 837 2027 in
858 1991 1009 2027 collibus
1028 1999 1063 2026 et
1081 1991 1263 2026 montibus
1283 1991 1448 2040 Liguriae
1469 1990 1699 2027 occidentalis
1736 1991 1780 2025 ab
1813 2004 1899 2039 agro
1928 1991 1979 2025 ni—

474 2057 614 2090 caeensi
634 2068 749 2104 usque
767 2055 813 2090 ad
837 2067 1081 2090 savonensem.
1117 2075 1164 2081 —
1203 2055 1245 2089 In
1275 2054 1352 2102 Lig.
1369 2053 1554 2089 orientalis
1580 2062 1701 2088 monte
1731 2055 1767 2088 cli
1793 2053 1980 2098 Por-tofino

473 2119 556 2153 Viv.
573 2117 672 2152 herb.
690 2117 725 2166 ᾙῖ

526 2180 683 2228 Simplex
700 2179 757 2214 vel
777 2179 1017 2224 multicaulis,
1035 2179 1143 2214 ramis
1164 2177 1466 2214 adscendentibus
1483 2205 1493 2222 ,
1519 2177 1762 2227 simplicibus,
1781 2177 1981 2212 iunioribus

475 2242 686 2291 praesertim
708 2241 816 2276 dense
836 2241 1144 2276 floccoso-lanatjs.
1164 2241 1264 2276 Folia
1283 2242 1352 2276 ima
1374 2240 1586 2289 caulinaque
1606 2239 1777 2274 inferiora
1796 2239 1982 2288 petiolata,

476 2304 646 2353 oblonga,
667 2304 814 2349 obtusa,
834 2311 1000 2348 crenata,
1030 2316 1179 2353 rugosa,
1198 2303 1275 2338 basi
1295 2302 1487 2338 rotundata
1508 2303 1563 2337 vel
1581 2301 1850 2350 subaugustata,
1870 2302 1980 2335 utrin-

477 2379 547 2416 que
568 2378 688 2414 sparse
709 2366 851 2410 lanosa,
869 2365 998 2400 viridia
1013 2394 1021 2409 ‚
1040 2366 1175 2400 floralia
1194 2379 1212 2400 e
1232 2365 1310 2400 basi
1338 2372 1525 2413 angustata
1552 2364 1622 2399 late
1651 2363 1981 2397 ovato-subacumi-

475 2436 577 2474 nata,
599 2436 767 2472 acutave,
785 2429 943 2477 integra,
960 2427 1155 2463 verticillos
1176 2426 1388 2462 mnltissoros
1412 2426 1553 2462 demum
1575 2425 1749 2461 discretos
1768 2426 1956 2473 aequantia
1970 2453 1979 2469 ,
