2259 3036
771 194 925 217 AUCTORE
952 192 1102 215 JoSEPflo
1133 193 1173 214 DE
1202 192 1360 214 NOTAnis.
1748 192 1815 214 2¹1

985 293 1088 326 Tnm.
1117 304 1149 327 v.

665 391 903 429 INULEAE
928 392 1023 427 CAss.
1040 413 1088 418 —-
1109 392 1211 428 Kocn
1232 392 1316 441 Syn.
1332 405 1366 441 p.
1385 390 1468 427 356.

482 492 617 527 CCXC.
646 490 1028 527 BUPHTHALMUM
1056 491 1095 525 L.
1112 491 1204 525 Gen.
1221 489 1275 525 ed.
1293 488 1442 525 Schreb.
1461 503 1493 524 2.
1511 502 1544 538 p.
1562 490 1646 540 572.

313 580 398 616 925.
420 583 737 627 Buphthalmum
757 580 1019 615 salicisolium
1034 578 1106 612 DC.
1118 577 1244 612 Protin
1256 577 1288 613 5.
1302 578 1431 626 p.„'183.
1443 599 1493 604 —
1506 578 1547 613 B.
1564 578 1823 614 salicisolium

364 645 403 678 L.
421 644 480 692 Sp.
498 656 532 691 p.
555 642 658 691 1275.
676 642 765 676 Am„
784 643 842 676 Fl.
854 641 936 689 ped.
960 655 986 674 1.
1002 655 1041 689 p.
1064 642 1142 675 180.
1158 662 1207 667 ——
1228 643 1268 676 B.
1291 642 1582 687 grandissorum
1603 640 1643 674 L.
1660 639 1681 674 l.
1698 653 1728 674 c.

313 706 360 740 Ic.
390 706 505 742 Aster
524 707 586 740 ΙΙΙ.
610 706 842 741 austriacus
861 705 888 739 I.
911 704 1016 738 CLUS.
1033 703 1125 738 Hist.
1144 716 1176 738 2.
1194 716 1227 752 p.
1250 703 1303 738 13.
1321 702 1428 737 rudis.

365 769 406 803 In
428 768 568 817 pascuis
589 766 716 811 aridis,
737 767 822 802 locis
843 767 995 810 saxosis,
1023 774 1058 801 et
1080 765 1123 800 ad
1143 778 1252 815 rupes
1271 766 1308 800 in
1330 765 1509 800 montanis
1528 765 1681 814 passim,
1708 766 1824 800 rarius

316 830 504 867 descendit
523 829 568 865 ad
587 829 795 864 humiliores
814 829 932 863 colles.
950 828 985 878 QJZ

368 894 507 929 Passim
528 892 618 928 ludit
636 892 727 927 soliis
752 891 1127 935 linem-i-laneeolatis,
1156 890 1538 939 oblongo-lanceolatis
1565 890 1670 925 valde
1690 891 1824 925 acumi-

315 958 408 992 natis
431 965 492 992 aut
514 969 604 999 non,
626 955 760 1004 glabris
781 955 840 989 vel
860 954 1045 999 villosulis,
1065 954 1166 989 caule
1190 953 1367 1003 simplici,
1386 965 1581 988 ramosove.

317 1056 400 1091 926.
422 1058 739 1102 Buphthalmum
758 1057 992 1100 aquaticum
1007 1056 1047 1089 L.
1067 1055 1126 1104 Sp.
1143 1069 1175 1103 p.
1193 1067 1203 1087 1
1216 1054 1297 1103 274.
1315 1056 1398 1088 ALL.
1415 1053 1565 1102 FLped.
1589 1066 1615 1087 1.
1628 1066 1665 1101 p.
1689 1066 1826 1102 179.—

367 1120 596 1155 Asteriscus
613 1120 824 1163 aquaticus
842 1118 916 1152 DC.
933 1117 1057 1152 Prodr.
1076 1119 1108 1152 5.
1126 1131 1159 1165 p.
1180 1117 1261 1161 436.

319 1184 365 1216 lc.
396 1182 509 1217 Aster
529 1182 735 1226 legitimus
758 1182 882 1216 Clusii
905 1182 1064 1216 mollior
1085 1182 1222 1215 luteus
1241 1179 1394 1213 BARREL.
1411 1179 1507 1213 Icon.
1525 1178 1598 1214 tab.
1615 1178 1697 1214 552.
1715 1178 1818 1213 bona.

368 1245 407 1278 ln
428 1243 508 1278 udis
528 1255 632 1278 secus
653 1242 756 1277 litora
775 1242 1076 1290 albingaumensia
1096 1250 1130 1276 et
1149 1242 1350 1277 nicaeensia
1371 1241 1575 1290 CESAT1.Q]

316 1330 402 1366 927.
432 1333 750 1377 Buphthalnlunl
778 1332 989 1376 spinosum
1018 1332 1058 1364 L.
1080 1331 1138 1379 Sp.
1155 1344 1189 1379 p.
1212 1331 1316 1379 1274.
1348 1334 1430 1363 Am„
1448 1330 1504 1364 Fl.
1523 1329 1607 1378 ped.
1635 1342 1661 1363 1.
1683 1342 1720 1377 p.
1748 1342 1825 1378 ¹79·

369 1395 485 1429 Tmuo
505 1395 561 1429 Pl.
582 1396 714 1429 clavur.
731 1407 770 1441 ρ.
791 1394 848 1428 25.
865 1414 910 1420 —
929 1395 1103 1429 Pallcnis
1122 1395 1287 1439 spinosa
1305 1392 1402 1427 Ciss.
1424 1414 1472 1417 —
1500 1391 1575 1426 DC.
1592 1390 1717 1426 Prodr.
1741 1392 1773 1426 5.
1791 1404 1825 1440 p.

368 1457 450 1506 487.

320 1521 365 1554 10.
394 1519 510 1556 Aster
534 1521 739 1566 legitimus
759 1520 882 1555 Clusii
904 1520 1006 1554 alter
1024 1523 1097 1554 etc.
1120 1519 1271 1552 BARREL.
1289 1519 1386 1552 Icon.
1406 1517 1477 1552 tab.
1496 1517 1578 1552 551.

367 1584 408 1617 Iii
433 1583 576 1632 pascuis
597 1581 720 1626 aridis,
743 1583 780 1616 in
798 1581 992 1625 ruderatss,
1012 1594 1112 1616 secus
1132 1582 1240 1616 maris
1259 1580 1384 1624 litora,
1404 1580 1512 1615 etiam
1535 1580 1571 1614 in
1592 1579 1730 1614 collinis
1749 1579 1829 1613 cali-

319 1645 479 1681 dioribus
501 1646 642 1694 passim.
664 1645 714 1693 ΓΙ]

368 1707 537 1743 Aelieniis
558 1707 647 1742 radii
670 1708 884 1756 compressis
903 1708 1074 1756 utrinque
1095 1706 1148 1741 ala
1171 1706 1444 1741 membranacea
1461 1705 1606 1749 cinctis,
1625 1703 1829 1751 foliolisque

319 1771 494 1805 involucri
518 1770 753 1805 exterioribus
781 1770 921 1819 spinula
951 1770 1153 1804 terminatis
1179 1768 1283 1803 facile
1312 1768 1552 1816 dignoscitur,
1579 1774 1620 1801 ut
1639 1774 1679 1801 ut
1700 1778 1827 1814 quam-

320 1834 470 1869 maxime
491 1833 663 1868 variabile
677 1861 685 1877 ,
706 1841 841 1868 statura
856 1861 866 1877 ‚
888 1832 1055 1868 soliorum
1077 1831 1190 1866 forma
1203 1859 1213 1875 ,
1233 1831 1344 1866 caulis
1364 1829 1548 1866 divisione.

557 1932 712 1967 CCXCI.
742 1931 893 1967 INULA
918 1934 1077 1967 GAERTN.
1098 1953 1147 1957 —
1167 1931 1276 1966 Eunt„
1297 1931 1391 1965 Gen.
1413 1929 1462 1964 n.⁰
1484 1929 1593 1973 2426.

711 2045 737 2065 1.
767 2033 1009 2068 ConvismTiA
1027 2031 1097 2065 DC.
1114 2029 1239 2065 prodr.
1257 2030 1290 2065 5.
1307 2043 1340 2079 p.
1360 2029 1443 2073 463.

321 2132 406 2168 928.
430 2135 546 2168 [nula
563 2133 777 2167 Helonium
792 2133 832 2166 L.
849 2132 909 2180 Sp.
928 2144 960 2179 p.
986 2131 1088 2166 1236.
1104 2130 1179 2165 DC.
1195 2129 1321 2165 Prodr.
1338 2129 1361 2164 1.
1377 2142 1406 2163 c.
1424 2149 1470 2155 —
1490 2127 1605 2165 Aster
1616 2129 1829 2164 Helenium

372 2197 518 2230 scopon.

325 2260 371 2293 lc.
400 2260 614 2294 Ilclcniuni
636 2258 726 2292 Don.
743 2257 850 2301 Purg.
869 2269 901 2303 p.
919 2256 976 2304 74.

376 2321 429 2355 Ad
463 2321 638 2368 margines
672 2319 870 2353 rivulorum
904 2318 938 2351 in
968 2316 1149 2352 montibus
1175 2317 1213 2351 di
1238 2317 1356 2351 Rezzo
1383 2322 1420 2350 et
1440 2315 1476 2349 in
1495 2312 1715 2349 arundinetis
1735 2314 1830 2347 circa

324 2383 488 2419 Dola-erlo
510 2383 545 2417 in
567 2382 709 2431 Liguria
731 2379 943 2416 occidentali
963 2379 1072 2413 Enim
1087 2408 1097 2425 ,
1116 2380 1153 2414 in
1172 2377 1355 2414 montibus
1374 2374 1730 2425 albingaumensibus
1743 2374 1833 2410 Tm-

323 2458 446 2481 viznso.
462 2444 498 2494 735
