2259 3036
450 218 519 240 100
882 214 1128 239 REPERTORIUM
1156 216 1287 239 FLORAE
1314 216 1524 241 LIGUSTICAE

444 279 531 316 408.
562 280 731 316 Genista
759 280 922 315 cinerea
953 279 1026 313 DC.
1049 277 1176 314 Prodr.
1201 292 1233 314 2.
1257 293 1291 329 p.
1318 279 1396 329 149.
1421 301 1471 307 --
1498 282 1542 317 G.
1571 282 1754 327 scoparia
1781 280 1958 315 BELLARD.
2006 320 2010 327 .
2037 314 2050 331 „l

493 343 589 392 App.
605 342 656 376 acl
673 343 729 377 Fl.
741 341 822 390 ped.
834 355 873 390 p.
891 341 974 386 240.
989 363 1040 369 --
1060 343 1267 388 Spartium
1295 354 1473 389 purgans
1501 344 1587 379 Am..
1603 345 1661 379 Fl.
1673 343 1756 392 ped.
1780 356 1806 378 1.
1818 356 1858 391 p.
1875 324 1979 391 ἓξ
2004 318 2055 380 ἐξ

494 427 544 432 -
570 406 614 441 G.
645 406 797 440 sericea
825 405 904 439 Avi:
923 405 1080 440 LALLEM.
1097 405 1138 439 cle
1159 405 1328 454 quibzcsd.
1344 406 1398 441 Pl.
1414 408 1491 441 ital.
1501 420 1541 455 p.
1564 406 1634 441 16?
1662 405 1814 441 videtur.

493 468 536 502 In
558 466 743 502 montibus
770 466 917 502 Tendae
944 466 989 501 ad
1017 479 1128 516 rupes
1155 467 1421 517 vulgatissima,
1449 469 1486 503 in
1512 468 1696 505 montibus
1717 468 1756 503 di
1778 469 1959 504 Frontem

445 537 481 566 et
501 530 645 566 ditionis
667 519 973 578 albingauinensis
993 528 1175 578 frequens.
1194 528 1215 568 ὃ

494 592 525 629 Α
553 594 598 629 G.
626 593 905 629 ramosissima
933 605 1090 641 quacum
1117 592 1345 642 coniungitur
1372 601 1410 629 et
1435 593 1529 629 forte
1556 606 1629 629 non
1657 593 1839 629 immerito
1868 607 1887 627 a
1915 593 1959 628 cl.

443 656 608 691 Botssmn
634 655 799 704 (Voyag.
816 656 899 703 Esp.
918 668 951 703 p.
974 655 1051 699 142.
1070 655 1085 701 )
1112 655 1169 690 vix
1196 654 1315 691 differt
1341 655 1491 692 floribus
1520 669 1619 692 secus
1637 669 1756 692 ramos
1777 655 1958 698 solitariis,

443 718 656 754 minoribus.
687 720 893 763 Spartinm
921 728 1100 764 purgans
1127 719 1216 753 Am..
1243 717 1312 753 huc
1339 727 1502 768 spectare
1529 718 1691 763 videtur,
1724 732 1831 754 nemo
1863 719 1957 754 enim

446 781 544 830 quod
573 781 702 824 sciam,
723 782 933 816 Genistam
962 784 1204 826 purgantem
1232 780 1311 823 DC,
1334 794 1425 830 quae
1444 780 1588 816 aliunde
1610 780 1654 815 ab
1675 780 1740 815 hac
1762 789 1884 817 nostra
1904 782 1957 816 vix

446 842 614 892 distingui
633 851 796 877 meretur
810 869 820 887 5
848 843 883 876 in
907 842 992 877 locis
1016 854 1056 876 ex
1076 842 1182 876 Flora
1202 841 1347 877 Pedem.
1368 842 1534 879 adductis
1555 842 1655 878 vidit.

444 930 530 967 409.
560 933 726 967 Genista
754 931 1054 976 aspalathoides
1088 931 1309 966 confertior
1342 932 1459 967 Moms
1479 907 1536 980 ξῘΓΙ.
1559 929 1654 966 sard.
1682 943 1710 965 1.
1738 944 1773 980 p.
1793 931 1879 975 405.
1907 953 1955 958 —

496 996 540 1031 G.
570 995 723 1030 Lohelii
750 993 824 1028 DC.
840 991 967 1027 Prodr.
987 1005 1017 1027 2.
1036 1005 1070 1041 p.
1092 992 1172 1042 147.

445 1057 493 1092 Ic.
522 1057 639 1092 Moms
659 1056 681 1091 l.
699 1069 729 1091 c.
746 1055 819 1090 tab.
838 1056 896 1090 30.
914 1056 1060 1104 optima.

495 1121 538 1155 In
565 1119 762 1155 dumetosis
789 1118 936 1154 collium
963 1119 1214 1167 montiumque
1240 1118 1409 1167 Liguriae
1436 1117 1621 1154 orientalis
1646 1132 1665 1154 a
1692 1119 1775 1155 sinu
1804 1118 1959 1168 Spediae

446 1195 564 1232 usque
587 1181 631 1217 ad
650 1189 789 1217 montes
809 1194 916 1230 supra
937 1180 1052 1217 Sestrc·
1069 1179 1153 1216 hinc
1174 1180 1269 1216 inde.
1287 1178 1309 1218 ὃ

472 1270 636 1306 CXXVI.
666 1269 1060 1304 ARGYROLOBIUM
1087 1269 1200 1303 Ecm..
1228 1276 1263 1304 et
1289 1269 1398 1303 Zssrn.
1426 1288 1475 1295 ——
1500 1271 1611 1305 ENDL.
1633 1269 1728 1304 Gen.
1750 1270 1802 1305 n.⁰
1822 1268 1932 1313 6504.

448 1357 530 1393 410.
559 1357 870 1404 Argyrolohium
896 1358 1182 1393 Linnaeanum
1208 1356 1338 1391 WALP.
1354 1357 1500 1406 Repert.
1522 1370 1551 1391 1.
1568 1370 1602 1406 p.
1618 1357 1704 1393 632.
1727 1379 1777 1385 —-
1797 1359 1958 1405 Cytisns

497 1425 715 1467 argenteus
742 1421 782 1455 L.
799 1421 857 1468 Sp.
875 1433 908 1469 p.
931 1420 1034 1464 1043.
1050 1419 1122 1454 DC.
1140 1417 1266 1454 Prodr.
1285 1432 1317 1454 2.
1333 1433 1368 1469 p.
1391 1419 1468 1455 156.
1488 1420 1576 1455 Am..
1594 1421 1651 1455 Εἰ.
1668 1420 1752 1469 ped.
1774 1434 1803 1456 1.
1818 1434 1856 1469 p.
1874 1420 1957 1456 320.

495 1484 627 1519 BADAR.
643 1485 702 1518 Pl.
719 1483 799 1530 Lig.
815 1482 930 1517 occid.
946 1484 997 1517 n.⁰
1023 1483 1104 1517 182.

446 1548 496 1583 Ic.
526 1549 651 1583 Lotus
678 1547 861 1592 asperior
888 1547 1084 1582 fruticosa
1112 1552 1179 1580 etc.
1208 1546 1406 1580 Loss.Icon.
1425 1559 1456 1582 2.
1474 1558 1508 1594 p.
1526 1545 1585 1590 41.

495 1610 539 1644 In
559 1608 778 1644 aridioribus
800 1608 960 1657 regionis
981 1607 1201 1643 olivetorum<
1215 1608 1384 1656 Liguriae
1412 1620 1499 1657 agro
1526 1608 1704 1643 nicaeensi
1730 1606 1903 1643 finitimae
1924 1616 1959 1642 et

446 1673 482 1708 in
501 1685 586 1721 agro
608 1671 808 1706 nicaeensi:
828 1670 978 1711 Genuae
997 1673 1071 1705 alla
1079 1669 1172 1719 foce
1191 1678 1341 1706 tertora.
1358 1668 1380 1708 5

758 1758 941 1793 CXXVII.
969 1757 1169 1793 CYTISUS
1196 1759 1309 1793 ENDL.
1338 1758 1430 1793 Gen.
1457 1758 1508 1792 n.⁰
1530 1757 1640 1793 6505.

447 1833 534 1870 411.
557 1835 716 1882 Cytisus
737 1835 975 1870 Laburnum
992 1834 1032 1867 L.
1049 1832 1109 1882 Sp.
1127 1846 1160 1882 p.
1183 1833 1286 1878 1041.
1302 1832 1374 1868 DC.
1391 1831 1515 1868 Prodr.
1533 1845 1565 1867 2.
1582 1846 1617 1882 p.
1638 1831 1717 1869 153.
1734 1832 1888 1867 BERTOL.
1902 1832 1958 1867 Pl.

493 1909 670 1945 genuens.
683 1910 722 1946 p.
744 1895 824 1946 173.

446 1961 496 1995 Ic.
523 1959 721 2006 Anagyris
748 1959 888 1994 minus
917 1959 1073 1994 foetens
1099 1957 1185 1992 Lon.
1201 1957 1299 1992 Icou.
1318 1969 1350 1991 2.
1366 1969 1401 2006 p.
1419 1955 1478 2006 49.

498 2022 542 2056 In
559 2021 740 2071 sylvaticis
760 2021 907 2056 collium
925 2030 962 2056 et
982 2021 1160 2055 montium
1181 2019 1425 2055 humiliorum.
1443 2017 1466 2057 3

448 2096 535 2133 412.
565 2099 725 2144 Cytisus
745 2098 907 2142 alpinus
926 2097 1034 2131 Mun.
1051 2116 1101 2122 -
1121 2108 1162 2131 ex
1176 2095 1319 2130 WILLD.
1335 2095 1404 2130 En.
1421 2093 1468 2144 pl.
1485 2093 1529 2129 H.
1545 2093 1665 2130 Berol.
1684 2107 1715 2129 2.
1732 2107 1767 2143 p.
1786 2094 1868 2144 767.
1887 2095 1958 2129 DC.

497 2159 626 2194 Prodr.
645 2173 676 2194 2.
693 2174 728 2209 p.
751 2159 831 2194 153.

449 2223 498 2258 Ic.
526 2222 698 2258 WALDST.
715 2230 752 2257 et
770 2223 856 2258 ΚιΤ.
871 2222 923 2256 Pl.
941 2223 1061 2272 Hung.
1079 2222 1150 2257 tab.
1170 2221 1252 2257 260.
1269 2234 1310 2258 cx
1329 2221 1404 2257 DC.

501 2286 544 2320 In
565 2285 674 2333 sylvis
696 2285 826 2319 montis
847 2286 1018 2335 apennini
1035 2285 1205 2321 centralis
1226 2292 1262 2320 et
1280 2286 1315 2319 in
1339 2283 1481 2334 alpibus
1500 2283 1689 2320 maritimis
1707 2282 1874 2331 vulgaris.
1892 2282 1913 2320 5

500 2348 529 2382 A
550 2349 741 2383 Laburno
755 2346 862 2383 facile
880 2347 1119 2396 dignoscitur,
1140 2347 1249 2382 ramis
1268 2346 1486 2396 petiolisque
1505 2345 1657 2395 glabris,
1675 2344 1767 2380 foliis
1786 2358 1957 2394 compage

449 2409 709 2455 tenerioribus,
730 2409 905 2445 adversus
931 2410 1050 2460 lucem
1077 2409 1278 2445 evidentius
1304 2407 1717 2458 pellucido-reticulatis,
1744 2406 1931 2443 latioribus
1947 2436 1957 2453 ‚

451 2471 576 2508 subtus
596 2472 702 2507 etiam
722 2471 924 2508 iunioribus
943 2472 1085 2521 glabris.
1109 2471 1270 2507 Collatus
1298 2484 1382 2506 cum
1408 2472 1629 2518 helvetico,
1657 2469 1701 2505 ad
1727 2470 1913 2519 specimen
1941 2483 1958 2503 a

451 2534 492 2570 cl.
509 2534 687 2570 MONNARD
698 2561 709 2580 ,
731 2541 854 2570 noster
875 2541 1017 2570 tantum
1038 2534 1158 2570 differt
1177 2532 1327 2570 floribus
1347 2532 1548 2583 quidquam
1568 2531 1779 2580 minoribus.
