2259 3036
451 200 519 236 126
880 206 1124 229 nsspfinrommi
1154 204 1288 227 monn:
1315 203 1524 226 Liors‘ricmz

446 274 577 310 cirrliis
597 272 816 308 tenuissimis
828 298 837 315 ,
855 269 1070 320 pedunculis
1091 268 1150 304 2-5
1170 267 1266 303 floris
1278 296 1288 311 ,
1303 267 1360 302 vix
1375 267 1517 302 tertiam
1531 264 1606 300 folii
1620 273 1760 314 partem
1782 265 1961 313 attingen-

445 337 553 373 tibus.

495 398 687 434 Varietatis
707 411 728 432 α
746 403 950 431 monstrum
968 393 1069 429 valde
1089 393 1270 442 singulare
1288 392 1323 427 in
1342 391 1482 427 collinis
1498 390 1542 426 ad
1555 389 1736 425 dexteram
1752 385 1959 422 Porciferae

446 463 532 511 legi,
552 463 588 496 in
610 474 680 510 quo
700 459 807 495 flores
830 458 1051 507 superiores,
1080 455 1201 505 calyce
1221 456 1276 491 vix
1303 463 1459 498 mutato,
1484 453 1538 489 vel
1563 451 1828 488 bracteolarum
1861 461 1961 484 more

446 524 580 569 diviso,
600 524 677 558 loco
697 521 904 572 genitalium
925 527 963 555 et
981 518 1147 564 corollae,
1162 518 1287 554 fovent
1306 517 1485 553 filamenta
1505 527 1692 566 purpurea
1706 540 1717 558 ,
1737 513 1859 562 calyce
1882 513 1961 561 ipso

445 587 629 623 multoties
649 585 826 634 longiora,
845 583 1038 632 foliolaque
1057 582 1115 617 vel
1132 581 1305 631 simplicia
1333 580 1386 616 vel
1414 579 1651 628 subpinnata,
1677 575 1863 627 pedicellis
1882 575 1960 624 ple-

446 662 600 699 rumque
622 648 731 684 ternis
750 647 1009 695 elongatisque.

701 773 826 808 CLIII.
855 770 1120 806 LATHYRUS
1148 770 1189 803 L.
1212 789 1257 796 —
1278 768 1390 803 Eum..
1411 767 1502 802 Gen.
1522 765 1571 801 n.⁰
1591 764 1702 801 6582.

447 875 533 912 2550.
554 877 755 921 Lathyrus
769 873 977 919 sylvestris
992 872 1032 904 L.
1049 870 1107 918 Sp.
1121 883 1154 918 p.
1177 868 1280 903 1033.
1294 868 1411 902 Moms
1427 866 1480 901 Fl.
1496 865 1586 901 sard.
1610 879 1636 900 1.
1654 878 1687 914 p.
1703 865 1787 913 579.
1802 864 1958 898 Bssn‘roi..

498 940 555 973 Pl.
571 949 748 985 genuens.
763 950 802 985 p.
833 934 1033 983 172.Ton1o
1054 933 1107 966 Pl.
1127 933 1262 966 clavar.
1277 945 1316 978 p.
1340 942 1396 964 22.

448 1002 496 1036 Ic.
525 1002 566 1036 L.
587 1000 796 1047 sylvestris
815 999 921 1033 Ceos.
942 997 1033 1031 Hist.
1056 1009 1088 1031 2.
1108 1008 1142 1044 p.
1166 1007 1246 1042 229.
1267 993 1370 1027 mala.

451 1064 483 1111 β.
513 1062 802 1110 angustisolius
835 1061 954 1095 Monis
984 1059 1006 1093 l.
1035 1071 1064 1093 c.
1093 1072 1127 1107 p.
1156 1058 1239 1092 580.
1274 1076 1320 1083 —
1354 1057 1394 1091 L.
1421 1055 1634 1091 ensisolius
1656 1052 1785 1088 BAnAn.
1805 1052 1861 1087 Pl.
1882 1052 1963 1097 Lig.

501 1126 615 1161 occid.
634 1124 688 1160 n.⁰
709 1123 792 1159 236.
813 1131 848 1159 et
869 1123 1008 1158 Osserv.
1027 1124 1051 1155 Ζ.
1071 1133 1100 1156 c.
1115 1134 1153 1170 ρ.
1176 1119 1259 1167 369.

500 1190 689 1238 Frequens
708 1189 743 1221 in
765 1187 904 1236 pascuis
923 1185 1078 1228 collinis,
1096 1185 1134 1218 in
1154 1182 1322 1225 dumetis,
1342 1179 1387 1216 ad
1405 1191 1520 1229 sepeS.
1536 1178 1572 1229 ᾋΕ

503 1253 603 1288 Inter
622 1265 652 1287 α.
672 1258 708 1286 et
726 1251 760 1298 β.
780 1249 909 1284 dantur
927 1247 1059 1298 gradus
1078 1247 1224 1281 omnino
1243 1243 1446 1279 intermedii
1465 1250 1507 1277 ut
1525 1243 1578 1277 vix
1597 1240 1768 1290 distingui
1787 1247 1931 1289 queant.

453 1352 538 1389 551.
568 1354 766 1398 Lathyrus
786 1351 982 1386 latifolius
1000 1349 1040 1382 L.
1063 1348 1122 1395 Sp.
1143 1360 1177 1395 p.
1203 1345 1306 1380 1033.
1327 1344 1469 1379 SERING.
1489 1344 1526 1377 in
1544 1342 1615 1377 DC.
1631 1340 1758 1376 Prodr.
1777 1353 1809 1375 2.
1825 1353 1859 1389 p.
1880 1338 1964 1388 370.

504 1430 535 1451 α.
557 1415 643 1449 Am..
663 1415 718 1449 Fl.
735 1413 817 1461 ped.
845 1426 871 1446 1.
885 1426 924 1461 p.
945 1410 1028 1447 331.
1046 1410 1180 1445 BADAR.
1202 1410 1255 1443 Pl.
1278 1408 1356 1455 Lig.
1372 1406 1486 1442 occid.
1506 1412 1556 1440 n.⁰
1578 1405 1661 1439 235.

452 1480 500 1513 Ic.
528 1477 633 1526 Engl.
655 1476 726 1511 bot.
746 1474 818 1509 tab.
844 1488 854 1508 1
870 1475 948 1508 108.

508 1541 549 1575 In
568 1539 765 1574 dumetosis
786 1537 942 1572 collium.
960 1534 995 1585 ᾋΕ

504 1602 642 1638 Foliola
661 1599 954 1649 ovato-elliptica,
974 1597 1198 1646 ellipticave‚
1217 1593 1462 1643 magnitudine
1481 1594 1590 1637 varia,
1614 1592 1672 1641 5—7
1690 1591 1811 1627 nervia
1824 1618 1834 1635 ‚
1850 1590 1966 1625 nervis

455 1665 665 1702 lateralibus
685 1663 868 1699 tenuibus:
886 1661 961 1696 alae
982 1659 1091 1695 caulis
1111 1658 1190 1708 plus
1209 1659 1373 1692 minusve
1393 1663 1564 1691 extantes.

459 1766 544 1802 552.
573 1768 773 1811 Lathyrus
792 1763 994 1808 pratensis
1012 1761 1052 1794 L.
1074 1760 1133 1808 Sp.
1153 1771 1186 1807 p.
1212 1758 1316 1793 1033.
1337 1756 1534 1791 szmociu
1553 1755 1624 1790 DC.
1638 1752 1766 1789 Prodr.
1784 1766 1814 1787 2.
1831 1766 1865 1802 p.
1883 1752 1965 1800 370.

506 1830 626 1864 Tumo
644 1829 703 1862 Pl.
722 1829 858 1862 cltwat‘.
873 1838 911 1874 p.
933 1836 990 1858 22.

457 1894 508 1927 Ic.
536 1893 577 1927 L.
598 1893 734 1927 luteus
753 1889 961 1935 sylvestris
983 1886 1114 1920 Cium.
1135 1883 1268 1931 Sciagr.
1289 1895 1322 1930 p.
1350 1881 1428 1925 145.

509 1955 695 2003 Frequens
714 1952 751 1986 in
771 1950 914 2000 pascuis
933 1948 1070 1983 collinis
1089 1946 1358 1994 montanisque,
1378 1952 1414 1978 et
1431 1944 1467 1978 in
1487 1941 1694 1977 dumetosis.
1712 1940 1747 1990 ᾋΕ

511 2016 668 2066 Stipulae
687 2014 805 2050 forma
822 2011 924 2047 valde
943 2011 1082 2054 variae,
1103 2007 1290 2043 inferiores
1316 2006 1371 2042 vel
1390 2005 1590 2055 aequaliter
1609 2004 1792 2053 sagittatae
1813 2002 1868 2037 vel
1895 2002 1968 2051 ple-

459 2092 613 2128 rumque
633 2076 794 2113 auricula
812 2075 925 2110 altera
943 2073 1057 2108 multo
1076 2072 1236 2114 minore,
1255 2070 1291 2104 in
1311 2069 1402 2104 foliis
1426 2067 1671 2117 superioribus
1694 2077 1969 2113 nonnumquam

464 2142 752 2190 semisagittatae.

460 2240 546 2277 555.
576 2243 776 2287 Lathyrus
794 2240 1013 2276 tuberosus
1030 2238 1070 2272 L.
1091 2238 1151 2285 Sp.
1167 2249 1200 2285 p.
1222 2235 1325 2271 1033.
1341 2234 1484 2269 Samus.
1500 2232 1538 2268 in
1551 2231 1622 2267 DC.
1636 2229 1762 2265 Prodr.
1782 2242 1815 2264 2.
1830 2242 1864 2277 p.
1884 2228 1966 2276 370.

463 2305 512 2339 Ic.
540 2307 687 2339 Terrae
708 2304 872 2349 glandes
891 2303 977 2336 Loss.
997 2302 1094 2335 Icon.
1115 2312 1147 2334 2.
1167 2311 1202 2348 p.
1224 2311 1282 2348 70.

513 2368 555 2401 In
574 2366 666 2415 agris
685 2364 959 2400 sarzanensibus
977 2370 1012 2398 et
1030 2361 1178 2397 ditionis
1199 2360 1373 2396 novensis.
1390 2357 1426 2408 ‘35

374 2476 402 2508 4)
464 2465 548 2502 551.
578 2468 778 2512 Lathyrus
797 2464 956 2510 Aphaca
973 2465 1014 2497 L.
1033 2463 1093 2511 Sp.
1118 2476 1151 2511 p.
1183 2474 1286 2510 1029.
1309 2460 1448 2494 szmo.
1473 2458 1510 2492 in
1533 2456 1602 2492 DC.
1628 2454 1754 2492 Prodr.
1777 2468 1807 2490 2.
1828 2468 1862 2503 p.
1885 2455 1967 2503 372.

514 2530 645 2564 BAnAn.
666 2530 720 2564 ΡΖ.
743 2528 817 2575 Lig.
836 2526 950 2562 occid.
969 2530 1018 2561 n.⁰
1039 2537 1122 2572 229.
